2876 4794
1316 209 1322 218 ι

1298 237 1303 246 ι

1417 269 1418 282 l

208 573 211 582 .
259 589 272 601 ,
274 557 605 680 ἕίΠΒῬωθςῃῖ,
623 557 795 684 qnippe
807 586 921 669 qnae
930 537 1069 642 taedii
1084 541 1321 690 siutplepa

274 701 322 767 et
346 685 545 764 animum
575 675 787 758 hebetent
813 681 950 790 magis
978 695 1026 760 et
1051 674 1317 793 deprimant,

227 805 229 808 ’
258 823 412 913 ’quam
428 812 596 879 acuant·
605 811 651 875 et
664 790 876 881 reficiant
930 795 1000 878 Ab
1013 799 1199 880 ineunte
1210 827 1314 883 vero

64 955 70 993 t
257 927 417 1001 'aetate
428 917 476 996 in
493 941 587 994 eam
602 941 672 992 me
687 915 946 1026 opinionem
961 915 1317 1028 semperadduxi,

258 1053 326 1118 ‘ut
338 1037 456 1116 vitae
479 1027 737 1132 desidiosae,
775 1033 946 1112 etiamsi
964 1035 1127 1112 minori
1153 1037 1317 1134 virium

258 1149 711 1262 ‘contentionepamri
720 1167 882 1262 posset,
891 1148 1061 1232 labores
1070 1150 1317 1236 velaerum·

254 1271 521 1354 ‘nosissimos
537 1264 668 1376 longe
689 1265 964 1349 anteferrem.
988 1315 1043 1335 -·-
1081 1266 1166 1350 Sed
1182 1299 1315 1378 quor·

256 1409 370 1472 ‘sum
384 1376 526 1468 haec?
561 1383 808 1498 Nempe-ut
824 1384 1062 1498 intelligas,
1094 1415 1173 1466 vm
1190 1417 1318 1470 unsre

228 1511 242 1531 ⁶
259 1511 655 1604 sriuurssrnume
669 1503 716 1582 in
732 1499 1315 1588 administrandaStrabonis
1389 1599 1393 1608 ,

260 1614 795 1733 ¹absolvendi‘provincia,
827 1647 962 1730 quam
982 1649 1008 1702 a
1028 1648 1313 1728 rzscuucm,

255 1747 323 1839 ,τῷ
346 1743 411 1818 νῦν
436 1748 475 1816 ἐν
490 1740 731 1836 μακαρίτης,
775 1741 922 1826 nescio
955 1765 1044 1848 qua
1070 1737 1312 1824 voluntatis

57 1903 59 1912 1
299 1857 549 1942 roclivitate
567 1856 638 1938 vel
665 1855 906 1938 moliminis
927 1854 1127 1958 audacia,
1166 1855 1313 1940 ad-me

255 1893 425 2062 delent
433 2001 584 2089 passus
593 2001 704 2076 sum,
719 2001 896 2055 omnem
904 1988 1083 2086 operam
1092 1992 1139 2056 et
1150 1967 1311 2084 cogita·

265 2100 439 2180 tionem
455 2089 706 2195 collocasse,
740 2109 806 2194 et,
832 2089 1041 2172 nefactae
1063 2096 1310 2206 sponsionis

255 2210 402 2298 -fidem
417 2205 668 2319 infringam,
700 2206 933 2318 diligenter
946 2207 1205 2324 propediem
1219 2239 1311 2294 esse

254 2343 539 2428 moraturum.
582 2325 683 2438 Quo
697 2324 744 2410 id
755 2352 955 2410 successu
978 2324 1145 2422 factum
1160 2326 1310 2435 fiaerit,

259 2455 480 2556 nruuu'est
493 2441 698 2548 judicare.
716 2491 772 2508 -
802 2445 990 2539 Utinam
1003 2473 1107 2527 vero
1123 2446 1310 2558 Geogra·

253 2563 550 2684 ssphisGraecis
563 2559 824 2664 minoribus,
843 2579 900 2643 ut
913 2561 1307 2672 nobis,1eusuowro

165 2783 170 2790 ι
258 2700 546 2802 praematura
573 2699 717 2762 morte
743 2682 981 2782 exstincte,
1019 2708 1115 2794 spes
1142 2676 1308 2764 affulsit

257 2831 361 2886 mon
383 2829 517 2903 vana,
550 2825 840 2899 sensisseeos,
879 2799 928 2878 V.
954 2797 1039 2901 CL,
1078 2803 1308 2910 contingat

261 2919 430 3024 editor,
462 2945 552 3029 quo
579 2919 677 3027 quis
700 2932 766 2996 est
781 2915 860 3024 qui
874 2933 1005 3025 neget
1027 2914 1170 2998 ullum
1187 2945 1306 3032 repe·

258 3039 338 3120 -riri
355 3063 483 3152 posse
504 3033 576 3115 vel
594 3061 620 3113 a
642 3031 867 3113 doctrinae
887 3035 1014 3145 copia
1035 3033 1105 3115 vel
1126 3061 1151 3114 a
1173 3033 1306 3120 libro·

259 3183 363 3238 uum
384 3149 653 3266 supellectile
673 3143 1042 3234 instructiorem?
1076 3147 1208 3262 Quae.
1222 3154 1306 3234 viri

179 3311 206 3384 '.
258 3266 547 3354 eruditissimi
562 3284 766 3382 operaut¹
777 3271 1113 3381 quamprimum
1128 3267 1305 3380 publice

236 3415 240 3422 ·
258 3390 402 3504 possit
417 3383 606 3500 prodire,
628 3415 730 3472 cum
747 3387 935 3468 omnino
944 3385 1172 3466 literarum
1186 3413 1304 3497 grae·

262 3531 432 3604 carum,
478 3520 577 3584 tum
607 3501 835 3619 Strabonis
864 3504 1121 3618 praesertim
1151 3505 1304 3612 gratia,

217 3699 221 3710 ,
259 3623 458 3732 quinon
486 3619 682 3732 vulgares
710 3649 839 3704 exea
867 3622 1090 3733 concipiet
1117 3615 1303 3725 fructus,
1351 3636 1359 3648 '

260 3765 393 3822 uemo
416 3765 487 3822 me
509 3756 715 3851 exoptare
742 3755 892 3852 potest
911 3735 1147 3820 ardentius.
1183 3742 1302 3848 .Ego

168 3851 176 3873 '
258 3883 377 3960 vero,
400 3859 460 3938 mi
476 3883 677 3957 conecto,
697 3852 971 3938 huncvirum
985 3855 1120 3938 talem
1132 3883 1307 3970 semper
1416 3957 1417 3966 Ν

258 3993 471 4092 expertus
490 3990 651 4070 sumet
666 3973 1102 4090 experiorquotidie,
1127 3973 1305 4085 qualem·
