<?xml version="1.0" encoding="UTF-8"?>
<!DOCTYPE html PUBLIC "-//W3C//DTD XHTML 1.0 Transitional//EN"
    "http://www.w3.org/TR/xhtml1/DTD/xhtml1-transitional.dtd">
<html xmlns="http://www.w3.org/1999/xhtml" xml:lang="en" lang="en">
 <head>
  <title>
</title>
<meta http-equiv="Content-Type" content="text/html;charset=utf-8" />
  <meta name='ocr-system' content='tesseract 3.04.00' />
  <meta name='ocr-capabilities' content='ocr_page ocr_carea ocr_par ocr_line ocrx_word'/>
</head>
<body>
  <div class='ocr_page' id='page_1' title='image "./deversugraecoru00friegoog_0022.png"; bbox 0 0 2854 4794; ppageno 0'>
   <div class='ocr_carea' id='block_1_1' title="bbox 422 313 1199 444">
    <p class='ocr_par' dir='ltr' id='par_1_1' title="bbox 422 313 1199 444">
     <span class='ocr_line' id='line_1_1' title="bbox 422 313 1199 444; baseline 0 -26"><span class='ocrx_word' id='word_1_1' title='bbox 422 317 677 418; x_wconf 73' lang='lat' dir='ltr'><strong>mutarn</strong></span> <span class='ocrx_word' id='word_1_2' title='bbox 696 313 926 436; x_wconf 73' lang='lat' dir='ltr'><strong>sonanter</strong></span> <span class='ocrx_word' id='word_1_3' title='bbox 1110 377 1114 384; x_wconf 62' lang='lat'>=</span> <span class='ocrx_word' id='word_1_4' title='bbox 1175 375 1199 444; x_wconf 78' lang='lat'><em>7</em></span> 
     </span>
    </p>
   </div>
   <div class='ocr_carea' id='block_1_2' title="bbox 128 495 1315 4100">
    <p class='ocr_par' dir='ltr' id='par_1_2' title="bbox 128 495 1315 4100">
     <span class='ocr_line' id='line_1_2' title="bbox 145 495 1315 609; baseline -0.001 -23"><span class='ocrx_word' id='word_1_5' title='bbox 145 505 473 602; x_wconf 71' lang='lat' dir='ltr'><strong>Homerusadjnuare</strong></span> <span class='ocrx_word' id='word_1_6' title='bbox 481 517 656 596; x_wconf 87' lang='lat' dir='ltr'><strong>studuerit,</strong></span> <span class='ocrx_word' id='word_1_7' title='bbox 678 534 789 600; x_wconf 78' lang='lat' dir='ltr'><strong>tamen</strong></span> <span class='ocrx_word' id='word_1_8' title='bbox 805 495 894 586; x_wconf 69' lang='lat' dir='ltr'><strong>haud</strong></span> <span class='ocrx_word' id='word_1_9' title='bbox 908 539 1041 606; x_wconf 79' lang='lat' dir='ltr'><strong>parvus,</strong></span> <span class='ocrx_word' id='word_1_10' title='bbox 1062 519 1100 586; x_wconf 87' lang='lat' dir='ltr'><strong>in</strong></span> <span class='ocrx_word' id='word_1_11' title='bbox 1110 517 1210 609; x_wconf 81' lang='lat' dir='ltr'><strong>qui-</strong></span> <span class='ocrx_word' id='word_1_12' title='bbox 1309 537 1315 550; x_wconf 61' lang='lat'><em>¹</em></span> 
     </span>
     <span class='ocr_line' id='line_1_3' title="bbox 142 602 1299 691; baseline 0.007 -25"><span class='ocrx_word' id='word_1_13' title='bbox 142 606 204 676; x_wconf 81' lang='lat' dir='ltr'><strong>bus</strong></span> <span class='ocrx_word' id='word_1_14' title='bbox 217 603 310 668; x_wconf 89' lang='lat' dir='ltr'><strong>tertii</strong></span> <span class='ocrx_word' id='word_1_15' title='bbox 325 602 418 691; x_wconf 90' lang='lat' dir='ltr'><strong>pedis</strong></span> <span class='ocrx_word' id='word_1_16' title='bbox 432 627 599 670; x_wconf 81' lang='lat' dir='ltr'><strong>caesuram</strong></span> <span class='ocrx_word' id='word_1_17' title='bbox 613 605 710 690; x_wconf 86' lang='lat' dir='ltr'><strong>plane</strong></span> <span class='ocrx_word' id='word_1_18' title='bbox 726 609 836 670; x_wconf 87' lang='lat' dir='ltr'><strong>abesse</strong></span> <span class='ocrx_word' id='word_1_19' title='bbox 851 604 1018 687; x_wconf 84' lang='lat' dir='ltr'>videmus,</span> <span class='ocrx_word' id='word_1_20' title='bbox 1034 627 1190 674; x_wconf 85' lang='lat' dir='ltr'>versuum</span> <span class='ocrx_word' id='word_1_21' title='bbox 1298 680 1299 690; x_wconf 18' lang='lat'>¹</span> 
     </span>
     <span class='ocr_line' id='line_1_4' title="bbox 142 669 1188 778; baseline 0.008 -26"><span class='ocrx_word' id='word_1_22' title='bbox 142 669 308 773; x_wconf 64' lang='lat' dir='ltr'><strong>reperitur</strong></span> <span class='ocrx_word' id='word_1_23' title='bbox 323 712 491 758; x_wconf 87' lang='lat' dir='ltr'><strong>numerus.</strong></span> <span class='ocrx_word' id='word_1_24' title='bbox 535 691 636 778; x_wconf 85' lang='lat' dir='ltr'><strong>Quod</strong></span> <span class='ocrx_word' id='word_1_25' title='bbox 654 689 713 756; x_wconf 89' lang='lat' dir='ltr'><strong>ubi</strong></span> <span class='ocrx_word' id='word_1_26' title='bbox 736 689 866 766; x_wconf 87' lang='lat' dir='ltr'><strong>evenit,</strong></span> <span class='ocrx_word' id='word_1_27' title='bbox 896 713 938 761; x_wconf 88' lang='lat' dir='ltr'><strong>ne</strong></span> <span class='ocrx_word' id='word_1_28' title='bbox 962 713 1076 756; x_wconf 85' lang='lat' dir='ltr'><strong>versus</strong></span> <span class='ocrx_word' id='word_1_29' title='bbox 1097 691 1188 760; x_wconf 77' lang='lat' dir='ltr'><strong>illius</strong></span> 
     </span>
     <span class='ocr_line' id='line_1_5' title="bbox 142 773 1302 863; baseline 0.003 -25"><span class='ocrx_word' id='word_1_30' title='bbox 142 773 531 862; x_wconf 72' lang='lat' dir='ltr'><strong>penuriapigreincedat,</strong></span> <span class='ocrx_word' id='word_1_31' title='bbox 552 773 882 863; x_wconf 86' lang='lat' dir='ltr'><strong>minusquesuaviter</strong></span> <span class='ocrx_word' id='word_1_32' title='bbox 892 777 933 840; x_wconf 89' lang='lat' dir='ltr'><strong>ad</strong></span> <span class='ocrx_word' id='word_1_33' title='bbox 947 798 1039 842; x_wconf 86' lang='lat' dir='ltr'><strong>aures</strong></span> <span class='ocrx_word' id='word_1_34' title='bbox 1048 777 1186 854; x_wconf 85' lang='lat' dir='ltr'><strong>accidat,</strong></span> <span class='ocrx_word' id='word_1_35' title='bbox 1300 849 1302 854; x_wconf 82' lang='lat'><em>.</em></span> 
     </span>
     <span class='ocr_line' id='line_1_6' title="bbox 142 855 1237 950; baseline 0.004 -26"><span class='ocrx_word' id='word_1_36' title='bbox 142 859 204 940; x_wconf 74' lang='lat' dir='ltr'><strong>alia</strong></span> <span class='ocrx_word' id='word_1_37' title='bbox 222 859 351 926; x_wconf 84' lang='lat' dir='ltr'><strong>ratione</strong></span> <span class='ocrx_word' id='word_1_38' title='bbox 365 859 534 940; x_wconf 81' lang='lat' dir='ltr'>provisum</span> <span class='ocrx_word' id='word_1_39' title='bbox 549 877 608 928; x_wconf 88' lang='lat' dir='ltr'><strong>est.</strong></span> <span class='ocrx_word' id='word_1_40' title='bbox 651 860 822 950; x_wconf 87' lang='lat' dir='ltr'><strong>Quiinter</strong></span> <span class='ocrx_word' id='word_1_41' title='bbox 841 859 922 926; x_wconf 90' lang='lat' dir='ltr'><strong>alios</strong></span> <span class='ocrx_word' id='word_1_42' title='bbox 945 865 1044 944; x_wconf 81' lang='lat' dir='ltr'><strong>hujus</strong></span> <span class='ocrx_word' id='word_1_43' title='bbox 1058 863 1188 950; x_wconf 77' lang='lat' dir='ltr'><strong>generis</strong></span> <span class='ocrx_word' id='word_1_44' title='bbox 1232 855 1237 886; x_wconf 76' lang='lat'><strong><em>‘</em></strong></span> 
     </span>
     <span class='ocr_line' id='line_1_7' title="bbox 142 944 1201 1032; baseline 0.006 -26"><span class='ocrx_word' id='word_1_45' title='bbox 142 965 256 1018; x_wconf 76' lang='lat' dir='ltr'><strong>uersus</strong></span> <span class='ocrx_word' id='word_1_46' title='bbox 272 944 463 1032; x_wconf 70' lang='lat' dir='ltr'>saepissime</span> <span class='ocrx_word' id='word_1_47' title='bbox 477 946 680 1028; x_wconf 88' lang='lat' dir='ltr'><strong>offeruntur,</strong></span> <span class='ocrx_word' id='word_1_48' title='bbox 712 945 809 1010; x_wconf 87' lang='lat' dir='ltr'><strong>tertio</strong></span> <span class='ocrx_word' id='word_1_49' title='bbox 826 948 909 1032; x_wconf 88' lang='lat' dir='ltr'><strong>pede</strong></span> <span class='ocrx_word' id='word_1_50' title='bbox 929 945 1107 1012; x_wconf 78' lang='lat' dir='ltr'><strong>inchoante</strong></span> <span class='ocrx_word' id='word_1_51' title='bbox 1121 964 1201 1024; x_wconf 77' lang='grc' dir='ltr'><strong>00.Ι</strong></span> 
     </span>
     <span class='ocr_line' id='line_1_8' title="bbox 140 1029 1200 1118; baseline 0.002 -26"><span class='ocrx_word' id='word_1_52' title='bbox 140 1049 219 1092; x_wconf 84' lang='lat' dir='ltr'><strong>men</strong></span> <span class='ocrx_word' id='word_1_53' title='bbox 233 1032 405 1116; x_wconf 86' lang='lat' dir='ltr'>proprium</span> <span class='ocrx_word' id='word_1_54' title='bbox 419 1029 622 1114; x_wconf 78' lang='lat' dir='ltr'>trisyllabum</span> <span class='ocrx_word' id='word_1_55' title='bbox 645 1033 697 1096; x_wconf 88' lang='lat' dir='ltr'><strong>vel</strong></span> <span class='ocrx_word' id='word_1_56' title='bbox 712 1031 989 1118; x_wconf 76' lang='lat' dir='ltr'><strong>quadrisyllabum</strong></span> <span class='ocrx_word' id='word_1_57' title='bbox 1010 1033 1200 1110; x_wconf 80' lang='lat' dir='ltr'><strong>collocant„·</strong></span> 
     </span>
     <span class='ocr_line' id='line_1_9' title="bbox 141 1115 1184 1202; baseline 0.006 -26"><span class='ocrx_word' id='word_1_58' title='bbox 141 1117 267 1198; x_wconf 81' lang='lat' dir='ltr'><strong>eoque,</strong></span> <span class='ocrx_word' id='word_1_59' title='bbox 288 1117 379 1200; x_wconf 89' lang='lat' dir='ltr'><strong>quod</strong></span> <span class='ocrx_word' id='word_1_60' title='bbox 393 1131 465 1179; x_wconf 89' lang='lat' dir='ltr'><strong>tum</strong></span> <span class='ocrx_word' id='word_1_61' title='bbox 477 1115 515 1180; x_wconf 90' lang='lat' dir='ltr'><strong>in</strong></span> <span class='ocrx_word' id='word_1_62' title='bbox 539 1119 706 1194; x_wconf 86' lang='lat' dir='ltr'><strong>secundo,</strong></span> <span class='ocrx_word' id='word_1_63' title='bbox 733 1133 806 1180; x_wconf 91' lang='lat' dir='ltr'><strong>tum</strong></span> <span class='ocrx_word' id='word_1_64' title='bbox 823 1115 858 1178; x_wconf 90' lang='lat' dir='ltr'><strong>in</strong></span> <span class='ocrx_word' id='word_1_65' title='bbox 879 1133 995 1202; x_wconf 89' lang='lat' dir='ltr'><strong>quarto</strong></span> <span class='ocrx_word' id='word_1_66' title='bbox 1017 1119 1119 1202; x_wconf 85' lang='lat' dir='ltr'><strong>pede,</strong></span> <span class='ocrx_word' id='word_1_67' title='bbox 1149 1119 1184 1182; x_wconf 87' lang='lat' dir='ltr'><strong>h.</strong></span> 
     </span>
     <span class='ocr_line' id='line_1_10' title="bbox 141 1198 1247 1288; baseline 0.004 -30"><span class='ocrx_word' id='word_1_68' title='bbox 141 1217 169 1262; x_wconf 82' lang='lat' dir='ltr'><strong>s.</strong></span> <span class='ocrx_word' id='word_1_69' title='bbox 187 1214 265 1262; x_wconf 88' lang='lat' dir='ltr'><strong>ante</strong></span> <span class='ocrx_word' id='word_1_70' title='bbox 277 1215 310 1262; x_wconf 87' lang='lat' dir='ltr'><strong>et</strong></span> <span class='ocrx_word' id='word_1_71' title='bbox 325 1215 398 1285; x_wconf 87' lang='lat' dir='ltr'><strong>pust</strong></span> <span class='ocrx_word' id='word_1_72' title='bbox 413 1221 537 1264; x_wconf 86' lang='lat' dir='ltr'>nomen</span> <span class='ocrx_word' id='word_1_73' title='bbox 551 1198 653 1283; x_wconf 88' lang='lat' dir='ltr'><strong>illud,</strong></span> <span class='ocrx_word' id='word_1_74' title='bbox 682 1221 747 1287; x_wconf 92' lang='lat' dir='ltr'><strong>quo</strong></span> <span class='ocrx_word' id='word_1_75' title='bbox 762 1222 820 1286; x_wconf 84' lang='lat' dir='ltr'><strong>pes</strong></span> <span class='ocrx_word' id='word_1_76' title='bbox 837 1201 952 1264; x_wconf 87' lang='lat' dir='ltr'><strong>tertius</strong></span> <span class='ocrx_word' id='word_1_77' title='bbox 968 1199 1106 1288; x_wconf 82' lang='lat' dir='ltr'>incipit,</span> <span class='ocrx_word' id='word_1_78' title='bbox 1130 1201 1186 1263; x_wconf 81' lang='lat' dir='ltr'><strong>in·</strong></span> <span class='ocrx_word' id='word_1_79' title='bbox 1244 1225 1247 1245; x_wconf 69' lang='lat'><strong>¹</strong></span> 
     </span>
     <span class='ocr_line' id='line_1_11' title="bbox 134 1279 1186 1368; baseline 0.008 -26"><span class='ocrx_word' id='word_1_80' title='bbox 134 1279 268 1352; x_wconf 68' lang='lat' dir='ltr'><strong>&#39;risione</strong></span> <span class='ocrx_word' id='word_1_81' title='bbox 280 1285 475 1360; x_wconf 86' lang='lat' dir='ltr'><strong>efferuntur,</strong></span> <span class='ocrx_word' id='word_1_82' title='bbox 493 1285 660 1368; x_wconf 81' lang='lat' dir='ltr'><strong>defectum</strong></span> <span class='ocrx_word' id='word_1_83' title='bbox 675 1285 775 1348; x_wconf 90' lang='lat' dir='ltr'>istum</span> <span class='ocrx_word' id='word_1_84' title='bbox 790 1286 945 1350; x_wconf 89' lang='lat' dir='ltr'><strong>resarcire</strong></span> <span class='ocrx_word' id='word_1_85' title='bbox 959 1287 1076 1350; x_wconf 89' lang='lat' dir='ltr'><strong>solent.</strong></span> <span class='ocrx_word' id='word_1_86' title='bbox 1098 1287 1186 1350; x_wconf 85' lang='lat' dir='ltr'><strong>Nam</strong></span> 
     </span>
     <span class='ocr_line' id='line_1_12' title="bbox 138 1367 1237 1455; baseline -0.002 -21"><span class='ocrx_word' id='word_1_87' title='bbox 138 1367 190 1434; x_wconf 85' lang='lat' dir='ltr'><strong>uti</strong></span> <span class='ocrx_word' id='word_1_88' title='bbox 210 1388 345 1436; x_wconf 87' lang='lat' dir='ltr'><strong>caesura</strong></span> <span class='ocrx_word' id='word_1_89' title='bbox 363 1367 400 1437; x_wconf 89' lang='lat' dir='ltr'><strong>in</strong></span> <span class='ocrx_word' id='word_1_90' title='bbox 419 1367 492 1455; x_wconf 86' lang='lat' dir='ltr'>ipso</span> <span class='ocrx_word' id='word_1_91' title='bbox 508 1393 609 1434; x_wconf 83' lang='lat' dir='ltr'><strong>versu</strong></span> <span class='ocrx_word' id='word_1_92' title='bbox 622 1371 733 1436; x_wconf 82' lang='lat' dir='ltr'>medin</span> <span class='ocrx_word' id='word_1_93' title='bbox 758 1369 936 1454; x_wconf 88' lang='lat' dir='ltr'><strong>conspicua</strong></span> <span class='ocrx_word' id='word_1_94' title='bbox 953 1391 1031 1434; x_wconf 90' lang='lat' dir='ltr'><strong>eum</strong></span> <span class='ocrx_word' id='word_1_95' title='bbox 1052 1370 1088 1434; x_wconf 90' lang='lat' dir='ltr'><strong>in</strong></span> <span class='ocrx_word' id='word_1_96' title='bbox 1102 1371 1185 1434; x_wconf 87' lang='lat' dir='ltr'><strong>duas</strong></span> <span class='ocrx_word' id='word_1_97' title='bbox 1232 1423 1237 1432; x_wconf 93' lang='lat'>.</span> 
     </span>
     <span class='ocr_line' id='line_1_13' title="bbox 139 1451 1184 1540; baseline 0.008 -26"><span class='ocrx_word' id='word_1_98' title='bbox 139 1451 208 1516; x_wconf 80' lang='lat' dir='ltr'><strong>lere</strong></span> <span class='ocrx_word' id='word_1_99' title='bbox 238 1457 390 1540; x_wconf 73' lang='lat' dir='ltr'><strong>aequales</strong></span> <span class='ocrx_word' id='word_1_100' title='bbox 414 1471 522 1540; x_wconf 86' lang='lat' dir='ltr'><strong>partes</strong></span> <span class='ocrx_word' id='word_1_101' title='bbox 545 1453 702 1532; x_wconf 78' lang='lat' dir='ltr'>dissecat,</span> <span class='ocrx_word' id='word_1_102' title='bbox 738 1453 844 1520; x_wconf 86' lang='lat' dir='ltr'><strong>veluti</strong></span> <span class='ocrx_word' id='word_1_103' title='bbox 866 1457 927 1520; x_wconf 91' lang='lat' dir='ltr'><strong>Od.</strong></span> <span class='ocrx_word' id='word_1_104' title='bbox 951 1483 982 1530; x_wconf 86' lang='grc' dir='ltr'><strong>ο,</strong></span> <span class='ocrx_word' id='word_1_105' title='bbox 1010 1478 1036 1524; x_wconf 88' lang='lat'><strong>1.</strong></span> <span class='ocrx_word' id='word_1_106' title='bbox 1058 1459 1184 1540; x_wconf 71' lang='lat' dir='ltr'><strong>”Andos</strong></span> 
     </span>
     <span class='ocr_line' id='line_1_14' title="bbox 136 1538 1290 1628; baseline 0 -24"><span class='ocrx_word' id='word_1_107' title='bbox 136 1562 190 1620; x_wconf 77' lang='grc' dir='ltr'><strong>μοι</strong></span> <span class='ocrx_word' id='word_1_108' title='bbox 208 1538 317 1608; x_wconf 79' lang='grc' dir='ltr'><strong><em>ἔννεπε</em></strong></span> <span class='ocrx_word' id='word_1_109' title='bbox 335 1538 477 1628; x_wconf 68' lang='lat' dir='ltr'><strong>Maride!</strong></span> <span class='ocrx_word' id='word_1_110' title='bbox 495 1539 705 1626; x_wconf 74' lang='grc' dir='ltr'><strong><em>πολύτροπον,</em></strong></span> <span class='ocrx_word' id='word_1_111' title='bbox 740 1539 774 1618; x_wconf 79' lang='grc' dir='ltr'><strong>ὃς</strong></span> <span class='ocrx_word' id='word_1_112' title='bbox 797 1538 1017 1623; x_wconf 65' lang='grc' dir='ltr'><strong>μάλαοολλοξ,</strong></span> <span class='ocrx_word' id='word_1_113' title='bbox 1044 1539 1089 1606; x_wconf 90' lang='lat' dir='ltr'><strong>ita</strong></span> <span class='ocrx_word' id='word_1_114' title='bbox 1119 1545 1182 1604; x_wconf 84' lang='lat' dir='ltr'><strong>hac</strong></span> <span class='ocrx_word' id='word_1_115' title='bbox 1284 1576 1290 1594; x_wconf 60' lang='lat'><em>2</em></span> 
     </span>
     <span class='ocr_line' id='line_1_15' title="bbox 138 1621 1182 1712; baseline 0.002 -26"><span class='ocrx_word' id='word_1_116' title='bbox 138 1622 277 1706; x_wconf 81' lang='lat' dir='ltr'>omissa,</span> <span class='ocrx_word' id='word_1_117' title='bbox 306 1642 340 1690; x_wconf 87' lang='lat' dir='ltr'><strong>et</strong></span> <span class='ocrx_word' id='word_1_118' title='bbox 361 1625 459 1690; x_wconf 89' lang='lat' dir='ltr'><strong>tertio</strong></span> <span class='ocrx_word' id='word_1_119' title='bbox 481 1627 566 1712; x_wconf 81' lang='lat' dir='ltr'><strong>pede</strong></span> <span class='ocrx_word' id='word_1_120' title='bbox 582 1629 627 1690; x_wconf 80' lang='lat' dir='ltr'><strong>ab</strong></span> <span class='ocrx_word' id='word_1_121' title='bbox 651 1627 780 1710; x_wconf 84' lang='lat' dir='ltr'><strong>integro</strong></span> <span class='ocrx_word' id='word_1_122' title='bbox 802 1627 965 1690; x_wconf 89' lang='lat' dir='ltr'><strong>vocabulo</strong></span> <span class='ocrx_word' id='word_1_123' title='bbox 990 1621 1182 1692; x_wconf 88' lang='lat' dir='ltr'><strong>exordients</strong></span> 
     </span>
     <span class='ocr_line' id='line_1_16' title="bbox 137 1708 1183 1798; baseline 0.002 -26"><span class='ocrx_word' id='word_1_124' title='bbox 137 1720 202 1772; x_wconf 82' lang='lat' dir='ltr'><strong>tres</strong></span> <span class='ocrx_word' id='word_1_125' title='bbox 227 1727 336 1796; x_wconf 76' lang='lat' dir='ltr'><strong>partes</strong></span> <span class='ocrx_word' id='word_1_126' title='bbox 357 1709 444 1798; x_wconf 76' lang='lat' dir='ltr'><strong>epiqi</strong></span> <span class='ocrx_word' id='word_1_127' title='bbox 468 1733 582 1776; x_wconf 78' lang='lat' dir='ltr'><strong>uersus</strong></span> <span class='ocrx_word' id='word_1_128' title='bbox 604 1711 813 1792; x_wconf 84' lang='lat' dir='ltr'><strong>efficiuntur,</strong></span> <span class='ocrx_word' id='word_1_129' title='bbox 842 1711 946 1776; x_wconf 88' lang='lat' dir='ltr'><strong>veluti</strong></span> <span class='ocrx_word' id='word_1_130' title='bbox 967 1711 1002 1774; x_wconf 90' lang='lat' dir='ltr'><strong>ll.</strong></span> <span class='ocrx_word' id='word_1_131' title='bbox 1020 1740 1052 1785; x_wconf 79' lang='lat' dir='ltr'><strong>a.</strong></span> <span class='ocrx_word' id='word_1_132' title='bbox 1069 1708 1183 1790; x_wconf 66' lang='lat' dir='ltr'><strong>245ch</strong></span> 
     </span>
     <span class='ocr_line' id='line_1_17' title="bbox 136 1791 1282 1886; baseline -0.013 -13"><span class='ocrx_word' id='word_1_133' title='bbox 136 1801 238 1872; x_wconf 68' lang='grc' dir='ltr'><strong><em>Αἴας,</em></strong></span> <span class='ocrx_word' id='word_1_134' title='bbox 253 1797 283 1875; x_wconf 77' lang='grc' dir='ltr'><strong>’ἤ</strong></span> <span class='ocrx_word' id='word_1_135' title='bbox 299 1795 307 1886; x_wconf 89' lang='grc' dir='ltr'>Ι</span> <span class='ocrx_word' id='word_1_136' title='bbox 324 1795 515 1882; x_wconf 64' lang='grc' dir='ltr'><strong>Ἰδομενεύς,</strong></span> <span class='ocrx_word' id='word_1_137' title='bbox 542 1797 563 1876; x_wconf 77' lang='grc' dir='ltr'><em>ἢ</em></span> <span class='ocrx_word' id='word_1_138' title='bbox 581 1796 587 1883; x_wconf 87' lang='grc' dir='ltr'>Ι</span> <span class='ocrx_word' id='word_1_139' title='bbox 605 1803 670 1875; x_wconf 77' lang='grc' dir='ltr'><strong><em>δῖος</em></strong></span> <span class='ocrx_word' id='word_1_140' title='bbox 690 1791 863 1872; x_wconf 74' lang='grc' dir='ltr'><strong>Ὀδυσσεύς.</strong></span> <span class='ocrx_word' id='word_1_141' title='bbox 886 1848 889 1856; x_wconf 91' lang='grc'><strong>.</strong></span> <span class='ocrx_word' id='word_1_142' title='bbox 907 1798 1001 1882; x_wconf 85' lang='lat' dir='ltr'><strong>Quae</strong></span> <span class='ocrx_word' id='word_1_143' title='bbox 1025 1793 1091 1858; x_wconf 89' lang='lat' dir='ltr'>nisi</span> <span class='ocrx_word' id='word_1_144' title='bbox 1113 1793 1183 1860; x_wconf 85' lang='lat' dir='ltr'>sin·</span> <span class='ocrx_word' id='word_1_145' title='bbox 1279 1876 1282 1885; x_wconf 23' lang='grc' dir='ltr'>Ι</span> 
     </span>
     <span class='ocr_line' id='line_1_18' title="bbox 136 1879 1182 1976; baseline 0.002 -34"><span class='ocrx_word' id='word_1_146' title='bbox 136 1881 241 1976; x_wconf 72' lang='lat' dir='ltr'><strong>gulas</strong></span> <span class='ocrx_word' id='word_1_147' title='bbox 260 1879 468 1968; x_wconf 85' lang='lat' dir='ltr'>singularum</span> <span class='ocrx_word' id='word_1_148' title='bbox 488 1879 631 1946; x_wconf 78' lang='lat' dir='ltr'>maxime</span> <span class='ocrx_word' id='word_1_149' title='bbox 653 1879 803 1966; x_wconf 82' lang='lat' dir='ltr'>priorum</span> <span class='ocrx_word' id='word_1_150' title='bbox 825 1879 970 1966; x_wconf 86' lang='lat' dir='ltr'><strong>partium</strong></span> <span class='ocrx_word' id='word_1_151' title='bbox 994 1901 1093 1946; x_wconf 82' lang='lat' dir='ltr'><strong>voces</strong></span> <span class='ocrx_word' id='word_1_152' title='bbox 1111 1902 1128 1944; x_wconf 91' lang='lat' dir='ltr'><strong>a</strong></span> <span class='ocrx_word' id='word_1_153' title='bbox 1145 1899 1182 1944; x_wconf 81' lang='lat' dir='ltr'><strong>ss</strong></span> 
     </span>
     <span class='ocr_line' id='line_1_19' title="bbox 133 1964 1184 2052; baseline -0.002 -21"><span class='ocrx_word' id='word_1_154' title='bbox 133 1964 285 2033; x_wconf 69' lang='lat' dir='ltr'>invicem</span> <span class='ocrx_word' id='word_1_155' title='bbox 305 1967 677 2050; x_wconf 83' lang='lat' dir='ltr'><strong>disjunctashaberent,</strong></span> <span class='ocrx_word' id='word_1_156' title='bbox 713 1965 824 2052; x_wconf 85' lang='lat' dir='ltr'><strong>spicae</strong></span> <span class='ocrx_word' id='word_1_157' title='bbox 847 1973 984 2052; x_wconf 86' lang='lat' dir='ltr'><strong>po&#39;e&#39;seos</strong></span> <span class='ocrx_word' id='word_1_158' title='bbox 1004 1974 1184 2050; x_wconf 82' lang='lat' dir='ltr'>numerum</span> 
     </span>
     <span class='ocr_line' id='line_1_20' title="bbox 134 2047 1230 2146; baseline 0 -32"><span class='ocrx_word' id='word_1_159' title='bbox 134 2049 191 2114; x_wconf 79' lang='lat' dir='ltr'><strong>rix</strong></span> <span class='ocrx_word' id='word_1_160' title='bbox 208 2053 387 2129; x_wconf 81' lang='lat' dir='ltr'><strong>referrent,</strong></span> <span class='ocrx_word' id='word_1_161' title='bbox 410 2061 502 2135; x_wconf 59' lang='lat' dir='ltr'><strong>,justa</strong></span> <span class='ocrx_word' id='word_1_162' title='bbox 524 2069 636 2118; x_wconf 83' lang='lat' dir='ltr'><strong>autem</strong></span> <span class='ocrx_word' id='word_1_163' title='bbox 650 2053 813 2118; x_wconf 83' lang='lat' dir='ltr'><strong>secundae</strong></span> <span class='ocrx_word' id='word_1_164' title='bbox 833 2065 865 2114; x_wconf 86' lang='lat' dir='ltr'><strong>et</strong></span> <span class='ocrx_word' id='word_1_165' title='bbox 882 2069 1015 2137; x_wconf 81' lang='lat' dir='ltr'><strong>quartae</strong></span> <span class='ocrx_word' id='word_1_166' title='bbox 1028 2047 1182 2137; x_wconf 73' lang='lat' dir='ltr'><strong>inprimis</strong></span> <span class='ocrx_word' id='word_1_167' title='bbox 1220 2121 1230 2146; x_wconf 47' lang='lat' dir='ltr'><strong><em>s</em></strong></span> 
     </span>
     <span class='ocr_line' id='line_1_21' title="bbox 134 2134 1182 2224; baseline -0.008 -20"><span class='ocrx_word' id='word_1_168' title='bbox 134 2134 287 2221; x_wconf 73' lang='lat' dir='ltr'><strong>regionis</strong></span> <span class='ocrx_word' id='word_1_169' title='bbox 298 2137 463 2204; x_wconf 86' lang='lat' dir='ltr'>incisione</span> <span class='ocrx_word' id='word_1_170' title='bbox 485 2137 591 2214; x_wconf 85' lang='lat' dir='ltr'><strong>illata,</strong></span> <span class='ocrx_word' id='word_1_171' title='bbox 617 2137 772 2224; x_wconf 80' lang='lat' dir='ltr'><strong>¹proxime</strong></span> <span class='ocrx_word' id='word_1_172' title='bbox 797 2136 838 2198; x_wconf 90' lang='lat' dir='ltr'><strong>ad</strong></span> <span class='ocrx_word' id='word_1_173' title='bbox 858 2135 1004 2221; x_wconf 85' lang='lat' dir='ltr'><strong>vulgaris</strong></span> <span class='ocrx_word' id='word_1_174' title='bbox 1027 2153 1182 2203; x_wconf 82' lang='lat' dir='ltr'><strong>caesuras</strong></span> 
     </span>
     <span class='ocr_line' id='line_1_22' title="bbox 132 2221 1182 2308; baseline -0.002 -25"><span class='ocrx_word' id='word_1_175' title='bbox 132 2241 255 2286; x_wconf 87' lang='lat' dir='ltr'>sunum</span> <span class='ocrx_word' id='word_1_176' title='bbox 272 2225 427 2290; x_wconf 88' lang='lat' dir='ltr'><strong>accedere</strong></span> <span class='ocrx_word' id='word_1_177' title='bbox 449 2221 611 2292; x_wconf 84' lang='lat' dir='ltr'><strong>ridentur.</strong></span> <span class='ocrx_word' id='word_1_178' title='bbox 654 2225 764 2308; x_wconf 86' lang='lat' dir='ltr'><strong>Quare</strong></span> <span class='ocrx_word' id='word_1_179' title='bbox 785 2221 933 2306; x_wconf 86' lang='lat' dir='ltr'><strong>exempla</strong></span> <span class='ocrx_word' id='word_1_180' title='bbox 957 2225 1057 2304; x_wconf 88' lang='lat' dir='ltr'><strong>hujus</strong></span> <span class='ocrx_word' id='word_1_181' title='bbox 1078 2241 1182 2307; x_wconf 85' lang='lat' dir='ltr'><strong>gene-</strong></span> 
     </span>
     <span class='ocr_line' id='line_1_23' title="bbox 131 2301 1180 2412; baseline -0.002 -40"><span class='ocrx_word' id='word_1_182' title='bbox 131 2305 180 2372; x_wconf 80' lang='lat' dir='ltr'><strong>ris</strong></span> <span class='ocrx_word' id='word_1_183' title='bbox 208 2311 374 2374; x_wconf 88' lang='lat' dir='ltr'>Homerus</span> <span class='ocrx_word' id='word_1_184' title='bbox 397 2311 484 2396; x_wconf 82' lang='lat' dir='ltr'><strong>larga</strong></span> <span class='ocrx_word' id='word_1_185' title='bbox 506 2309 601 2396; x_wconf 85' lang='lat' dir='ltr'><strong>copia</strong></span> <span class='ocrx_word' id='word_1_186' title='bbox 625 2307 831 2412; x_wconf 68' lang='lat' dir='ltr'><strong>squeditat‚</strong></span> <span class='ocrx_word' id='word_1_187' title='bbox 867 2301 936 2372; x_wconf 78' lang='lat' dir='ltr'><strong>uti:</strong></span> <span class='ocrx_word' id='word_1_188' title='bbox 971 2308 1009 2370; x_wconf 93' lang='lat' dir='ltr'><strong>Il.</strong></span> <span class='ocrx_word' id='word_1_189' title='bbox 1040 2315 1072 2391; x_wconf 79' lang='grc' dir='ltr'><strong>β,</strong></span> <span class='ocrx_word' id='word_1_190' title='bbox 1104 2301 1180 2392; x_wconf 98' lang='grc'><strong>494.</strong></span> 
     </span>
     <span class='ocr_line' id='line_1_24' title="bbox 130 2387 1182 2480; baseline -0.002 -20"><span class='ocrx_word' id='word_1_191' title='bbox 130 2397 283 2462; x_wconf 77' lang='grc' dir='ltr'><strong><em>Βοιωτῶν</em></strong></span> <span class='ocrx_word' id='word_1_192' title='bbox 298 2401 357 2480; x_wconf 73' lang='grc' dir='ltr'><strong>μὲν</strong></span> <span class='ocrx_word' id='word_1_193' title='bbox 373 2401 538 2475; x_wconf 75' lang='grc' dir='ltr'><strong>Πηνέλεως</strong></span> <span class='ocrx_word' id='word_1_194' title='bbox 554 2401 607 2464; x_wconf 77' lang='grc' dir='ltr'><strong>ναὶ</strong></span> <span class='ocrx_word' id='word_1_195' title='bbox 627 2401 745 2474; x_wconf 77' lang='grc' dir='ltr'><strong><em>Ληΐτος</em></strong></span> <span class='ocrx_word' id='word_1_196' title='bbox 760 2391 864 2480; x_wconf 74' lang='grc' dir='ltr'><strong><em>ἦρχον.</em></strong></span> <span class='ocrx_word' id='word_1_197' title='bbox 902 2391 953 2460; x_wconf 88' lang='lat' dir='ltr'><strong>cll.</strong></span> <span class='ocrx_word' id='word_1_198' title='bbox 970 2389 1041 2478; x_wconf 84' lang='grc'><strong>714.</strong></span> <span class='ocrx_word' id='word_1_199' title='bbox 1080 2387 1182 2472; x_wconf 80' lang='grc' dir='ltr'><strong>,ι48.</strong></span> 
     </span>
     <span class='ocr_line' id='line_1_25' title="bbox 131 2417 1180 2566; baseline -0.006 -20"><span class='ocrx_word' id='word_1_200' title='bbox 131 2505 158 2554; x_wconf 81' lang='lat' dir='ltr'><strong>s,</strong></span> <span class='ocrx_word' id='word_1_201' title='bbox 171 2499 246 2566; x_wconf 90' lang='grc'><strong>207.</strong></span> <span class='ocrx_word' id='word_1_202' title='bbox 263 2479 336 2548; x_wconf 80' lang='lat'>313.</span> <span class='ocrx_word' id='word_1_203' title='bbox 359 2488 415 2560; x_wconf 60' lang='grc' dir='ltr'><strong>ζμ</strong></span> <span class='ocrx_word' id='word_1_204' title='bbox 444 2503 472 2546; x_wconf 81' lang='lat' dir='ltr'><strong>u.</strong></span> <span class='ocrx_word' id='word_1_205' title='bbox 495 2509 527 2560; x_wconf 83' lang='grc' dir='ltr'><strong>η.</strong></span> <span class='ocrx_word' id='word_1_206' title='bbox 545 2479 617 2565; x_wconf 84' lang='grc'><strong>276.</strong></span> <span class='ocrx_word' id='word_1_207' title='bbox 637 2493 674 2559; x_wconf 81' lang='grc' dir='ltr'><strong>θ,</strong></span> <span class='ocrx_word' id='word_1_208' title='bbox 689 2479 762 2542; x_wconf 83' lang='grc'><strong>552.</strong></span> <span class='ocrx_word' id='word_1_209' title='bbox 784 2507 807 2558; x_wconf 75' lang='grc' dir='ltr'><strong>ν,</strong></span> <span class='ocrx_word' id='word_1_210' title='bbox 823 2475 895 2560; x_wconf 91' lang='grc'><strong>287.</strong></span> <span class='ocrx_word' id='word_1_211' title='bbox 918 2485 946 2552; x_wconf 78' lang='grc' dir='ltr'><strong>λ.</strong></span> <span class='ocrx_word' id='word_1_212' title='bbox 963 2497 1033 2564; x_wconf 87' lang='grc'><strong>229.</strong></span> <span class='ocrx_word' id='word_1_213' title='bbox 1048 2417 1120 2543; x_wconf 52' lang='lat' dir='ltr'><strong>bido.</strong></span> <span class='ocrx_word' id='word_1_214' title='bbox 1142 2503 1180 2560; x_wconf 78' lang='grc' dir='ltr'><strong>μ,</strong></span> 
     </span>
     <span class='ocr_line' id='line_1_26' title="bbox 131 2504 1179 2654; baseline -0.002 -28"><span class='ocrx_word' id='word_1_215' title='bbox 131 2581 186 2628; x_wconf 72' lang='grc' dir='ltr'><strong>2ο.</strong></span> <span class='ocrx_word' id='word_1_216' title='bbox 214 2593 244 2640; x_wconf 82' lang='grc' dir='ltr'><strong>ν,</strong></span> <span class='ocrx_word' id='word_1_217' title='bbox 263 2566 314 2652; x_wconf 85' lang='grc'><strong>95.</strong></span> <span class='ocrx_word' id='word_1_218' title='bbox 330 2566 402 2654; x_wconf 86' lang='grc'><strong>479.</strong></span> <span class='ocrx_word' id='word_1_219' title='bbox 417 2504 490 2632; x_wconf 63' lang='lat' dir='ltr'>ion.</span> <span class='ocrx_word' id='word_1_220' title='bbox 505 2567 577 2632; x_wconf 92' lang='grc'><strong>506.</strong></span> <span class='ocrx_word' id='word_1_221' title='bbox 593 2565 667 2634; x_wconf 80' lang='grc'><strong>527.</strong></span> <span class='ocrx_word' id='word_1_222' title='bbox 697 2573 725 2644; x_wconf 80' lang='grc' dir='ltr'><strong>ξ.</strong></span> <span class='ocrx_word' id='word_1_223' title='bbox 748 2561 821 2630; x_wconf 88' lang='grc'><strong>425.</strong></span> <span class='ocrx_word' id='word_1_224' title='bbox 852 2587 880 2638; x_wconf 83' lang='grc' dir='ltr'><strong>ο,</strong></span> <span class='ocrx_word' id='word_1_225' title='bbox 905 2561 976 2651; x_wconf 84' lang='grc'><strong>559.</strong></span> <span class='ocrx_word' id='word_1_226' title='bbox 1005 2591 1039 2638; x_wconf 84' lang='grc' dir='ltr'><strong>π,</strong></span> <span class='ocrx_word' id='word_1_227' title='bbox 1057 2565 1108 2628; x_wconf 87' lang='grc'><strong>25.</strong></span> <span class='ocrx_word' id='word_1_228' title='bbox 1125 2582 1179 2646; x_wconf 88' lang='grc'><strong>27.</strong></span> 
     </span>
     <span class='ocr_line' id='line_1_27' title="bbox 131 2645 1252 2744; baseline -0.004 -31"><span class='ocrx_word' id='word_1_229' title='bbox 131 2667 209 2736; x_wconf 79' lang='lat'><strong>219.</strong></span> <span class='ocrx_word' id='word_1_230' title='bbox 224 2670 296 2734; x_wconf 86' lang='lat'><em>291.</em></span> <span class='ocrx_word' id='word_1_231' title='bbox 312 2651 386 2718; x_wconf 83' lang='lat'><strong><em>555.</em></strong></span> <span class='ocrx_word' id='word_1_232' title='bbox 401 2649 473 2716; x_wconf 84' lang='grc'><strong>608.</strong></span> <span class='ocrx_word' id='word_1_233' title='bbox 514 2651 632 2739; x_wconf 66' lang='grc'><strong>9157.</strong></span> <span class='ocrx_word' id='word_1_234' title='bbox 658 2649 727 2721; x_wconf 78' lang='grc'><strong>555.</strong></span> <span class='ocrx_word' id='word_1_235' title='bbox 751 2647 823 2734; x_wconf 87' lang='grc'><strong>706.</strong></span> <span class='ocrx_word' id='word_1_236' title='bbox 857 2645 954 2722; x_wconf 87' lang='grc' dir='ltr'><strong>ο,4ι.</strong></span> <span class='ocrx_word' id='word_1_237' title='bbox 969 2647 1021 2714; x_wconf 84' lang='grc'><strong>44.</strong></span> <span class='ocrx_word' id='word_1_238' title='bbox 1037 2645 1178 2714; x_wconf 67' lang='grc'><strong>48405.</strong></span> <span class='ocrx_word' id='word_1_239' title='bbox 1238 2689 1252 2744; x_wconf 61' lang='grc'><strong>7</strong></span> 
     </span>
     <span class='ocr_line' id='line_1_28' title="bbox 130 2735 1178 2826; baseline -0.009 -24"><span class='ocrx_word' id='word_1_240' title='bbox 130 2761 163 2810; x_wconf 85' lang='grc' dir='ltr'><strong>υ.</strong></span> <span class='ocrx_word' id='word_1_241' title='bbox 177 2736 249 2821; x_wconf 82' lang='grc'><strong>257.</strong></span> <span class='ocrx_word' id='word_1_242' title='bbox 272 2767 306 2821; x_wconf 79' lang='grc' dir='ltr'><strong>φ,</strong></span> <span class='ocrx_word' id='word_1_243' title='bbox 322 2736 395 2826; x_wconf 83' lang='grc'><strong>596.</strong></span> <span class='ocrx_word' id='word_1_244' title='bbox 417 2765 454 2812; x_wconf 83' lang='grc' dir='ltr'><strong>ω,</strong></span> <span class='ocrx_word' id='word_1_245' title='bbox 471 2735 543 2806; x_wconf 73' lang='grc'><strong>250.</strong></span> <span class='ocrx_word' id='word_1_246' title='bbox 587 2741 625 2800; x_wconf 82' lang='grc'><strong>10</strong></span> <span class='ocrx_word' id='word_1_247' title='bbox 637 2737 803 2818; x_wconf 83' lang='lat' dir='ltr'><strong>Odyssea,</strong></span> <span class='ocrx_word' id='word_1_248' title='bbox 825 2753 908 2818; x_wconf 88' lang='lat' dir='ltr'><strong>quae</strong></span> <span class='ocrx_word' id='word_1_249' title='bbox 922 2754 992 2795; x_wconf 89' lang='lat' dir='ltr'><strong>non</strong></span> <span class='ocrx_word' id='word_1_250' title='bbox 1008 2749 1097 2796; x_wconf 91' lang='lat' dir='ltr'><strong>tanta</strong></span> <span class='ocrx_word' id='word_1_251' title='bbox 1112 2753 1178 2794; x_wconf 85' lang='lat' dir='ltr'><strong>no-</strong></span> 
     </span>
     <span class='ocr_line' id='line_1_29' title="bbox 129 2815 1178 2908; baseline -0.003 -25"><span class='ocrx_word' id='word_1_252' title='bbox 129 2820 264 2884; x_wconf 88' lang='lat' dir='ltr'><strong>minum</strong></span> <span class='ocrx_word' id='word_1_253' title='bbox 281 2838 314 2886; x_wconf 90' lang='lat' dir='ltr'><strong>et</strong></span> <span class='ocrx_word' id='word_1_254' title='bbox 326 2843 544 2908; x_wconf 87' lang='lat' dir='ltr'><strong>personarum</strong></span> <span class='ocrx_word' id='word_1_255' title='bbox 555 2820 712 2886; x_wconf 79' lang='lat' dir='ltr'><strong>varietate</strong></span> <span class='ocrx_word' id='word_1_256' title='bbox 728 2820 890 2890; x_wconf 79' lang='lat' dir='ltr'><strong>abundat,</strong></span> <span class='ocrx_word' id='word_1_257' title='bbox 919 2815 1063 2880; x_wconf 89' lang='lat' dir='ltr'>maxime</span> <span class='ocrx_word' id='word_1_258' title='bbox 1079 2818 1178 2880; x_wconf 87' lang='lat' dir='ltr'><strong>Tele·</strong></span> 
     </span>
     <span class='ocr_line' id='line_1_30' title="bbox 130 2901 1177 2993; baseline -0.006 -25"><span class='ocrx_word' id='word_1_259' title='bbox 130 2907 244 2972; x_wconf 84' lang='lat' dir='ltr'>machi</span> <span class='ocrx_word' id='word_1_260' title='bbox 258 2927 382 2972; x_wconf 90' lang='lat' dir='ltr'>nomen</span> <span class='ocrx_word' id='word_1_261' title='bbox 399 2905 608 2993; x_wconf 80' lang='lat' dir='ltr'>impositum</span> <span class='ocrx_word' id='word_1_262' title='bbox 623 2903 824 2979; x_wconf 85' lang='lat' dir='ltr'><strong>invenimus,</strong></span> <span class='ocrx_word' id='word_1_263' title='bbox 847 2917 902 2964; x_wconf 90' lang='lat' dir='ltr'><strong>ut:</strong></span> <span class='ocrx_word' id='word_1_264' title='bbox 925 2901 987 2966; x_wconf 88' lang='lat' dir='ltr'><strong>od.</strong></span> <span class='ocrx_word' id='word_1_265' title='bbox 1002 2927 1032 2988; x_wconf 82' lang='grc'><strong>7,</strong></span> <span class='ocrx_word' id='word_1_266' title='bbox 1044 2901 1117 2984; x_wconf 89' lang='grc'><strong>475.</strong></span> <span class='ocrx_word' id='word_1_267' title='bbox 1142 2931 1177 2978; x_wconf 70' lang='lat' dir='ltr'><strong>rr,</strong></span> 
     </span>
     <span class='ocr_line' id='line_1_31' title="bbox 129 2983 1178 3080; baseline -0.009 -22"><span class='ocrx_word' id='word_1_268' title='bbox 129 2993 206 3058; x_wconf 81' lang='lat'>421.</span> <span class='ocrx_word' id='word_1_269' title='bbox 229 3021 256 3068; x_wconf 80' lang='lat' dir='ltr'><strong>s,</strong></span> <span class='ocrx_word' id='word_1_270' title='bbox 272 2991 344 3058; x_wconf 73' lang='lat'><strong>521.</strong></span> <span class='ocrx_word' id='word_1_271' title='bbox 366 3021 396 3067; x_wconf 79' lang='lat' dir='ltr'><strong>v,</strong></span> <span class='ocrx_word' id='word_1_272' title='bbox 413 2994 484 3059; x_wconf 78' lang='lat'><strong>241.</strong></span> <span class='ocrx_word' id='word_1_273' title='bbox 512 3021 543 3080; x_wconf 84' lang='grc' dir='ltr'><strong>χ,</strong></span> <span class='ocrx_word' id='word_1_274' title='bbox 560 2991 632 3077; x_wconf 88' lang='grc'><strong>267.</strong></span> <span class='ocrx_word' id='word_1_275' title='bbox 650 3008 721 3075; x_wconf 87' lang='grc'><strong>277.</strong></span> <span class='ocrx_word' id='word_1_276' title='bbox 738 2988 810 3054; x_wconf 87' lang='grc'><strong>284.</strong></span> <span class='ocrx_word' id='word_1_277' title='bbox 837 2983 911 3055; x_wconf 89' lang='grc'><strong>400.</strong></span> <span class='ocrx_word' id='word_1_278' title='bbox 940 2984 1010 3048; x_wconf 80' lang='lat' dir='ltr'><strong>Alia</strong></span> <span class='ocrx_word' id='word_1_279' title='bbox 1028 2987 1178 3070; x_wconf 83' lang='lat' dir='ltr'><strong>exempla</strong></span> 
     </span>
     <span class='ocr_line' id='line_1_32' title="bbox 129 3069 1236 3161; baseline -0.006 -21"><span class='ocrx_word' id='word_1_280' title='bbox 129 3079 315 3142; x_wconf 67' lang='lat' dir='ltr'><strong>habetor.</strong></span> <span class='ocrx_word' id='word_1_281' title='bbox 339 3084 366 3158; x_wconf 83' lang='lat' dir='ltr'><strong>d,</strong></span> <span class='ocrx_word' id='word_1_282' title='bbox 388 3075 460 3142; x_wconf 84' lang='lat'><strong>280.</strong></span> <span class='ocrx_word' id='word_1_283' title='bbox 489 3077 594 3158; x_wconf 80' lang='grc' dir='ltr'><strong>η.’66.</strong></span> <span class='ocrx_word' id='word_1_284' title='bbox 625 3076 746 3161; x_wconf 61' lang='lat'><strong>25519.</strong></span> <span class='ocrx_word' id='word_1_285' title='bbox 788 3070 887 3148; x_wconf 83' lang='grc'><strong>,242.</strong></span> <span class='ocrx_word' id='word_1_286' title='bbox 916 3069 1089 3150; x_wconf 85' lang='lat' dir='ltr'>Hymnin</span> <span class='ocrx_word' id='word_1_287' title='bbox 1102 3075 1180 3139; x_wconf 86' lang='lat' dir='ltr'><strong>Cer.&#39;</strong></span> <span class='ocrx_word' id='word_1_288' title='bbox 1234 3116 1236 3124; x_wconf 70' lang='lat'>,</span> 
     </span>
     <span class='ocr_line' id='line_1_33' title="bbox 134 3102 1197 3257; baseline -0.008 -29"><span class='ocrx_word' id='word_1_289' title='bbox 134 3185 207 3250; x_wconf 76' lang='grc'><strong>109.</strong></span> <span class='ocrx_word' id='word_1_290' title='bbox 237 3161 372 3228; x_wconf 81' lang='lat' dir='ltr'><strong>Hesiod.</strong></span> <span class='ocrx_word' id='word_1_291' title='bbox 386 3165 512 3249; x_wconf 84' lang='lat' dir='ltr'><strong>Theog.</strong></span> <span class='ocrx_word' id='word_1_292' title='bbox 529 3161 599 3247; x_wconf 81' lang='grc'><strong>257.</strong></span> <span class='ocrx_word' id='word_1_293' title='bbox 614 3160 645 3230; x_wconf 88' lang='grc'><strong>8.</strong></span> <span class='ocrx_word' id='word_1_294' title='bbox 669 3102 848 3257; x_wconf 49' lang='grc'><strong>80004404.</strong></span> <span class='ocrx_word' id='word_1_295' title='bbox 870 3156 910 3218; x_wconf 80' lang='lat' dir='ltr'><strong>At</strong></span> <span class='ocrx_word' id='word_1_296' title='bbox 926 3155 1073 3235; x_wconf 80' lang='lat' dir='ltr'><strong>ejusdem</strong></span> <span class='ocrx_word' id='word_1_297' title='bbox 1088 3173 1176 3254; x_wconf 69' lang='lat' dir='ltr'><strong>stru-</strong></span> <span class='ocrx_word' id='word_1_298' title='bbox 1195 3241 1197 3253; x_wconf 39' lang='grc' dir='ltr'>Ι</span> 
     </span>
     <span class='ocr_line' id='line_1_34' title="bbox 130 3241 1200 3335; baseline -0.004 -23"><span class='ocrx_word' id='word_1_299' title='bbox 130 3265 245 3312; x_wconf 86' lang='lat' dir='ltr'><strong>eturae</strong></span> <span class='ocrx_word' id='word_1_300' title='bbox 256 3270 371 3314; x_wconf 87' lang='lat' dir='ltr'><strong>versus</strong></span> <span class='ocrx_word' id='word_1_301' title='bbox 380 3246 436 3311; x_wconf 89' lang='lat' dir='ltr'><strong>alii</strong></span> <span class='ocrx_word' id='word_1_302' title='bbox 451 3247 523 3334; x_wconf 87' lang='lat' dir='ltr'>ipso</span> <span class='ocrx_word' id='word_1_303' title='bbox 538 3245 675 3310; x_wconf 87' lang='lat' dir='ltr'>nomine</span> <span class='ocrx_word' id='word_1_304' title='bbox 681 3261 826 3330; x_wconf 72' lang='lat' dir='ltr'>proprio,</span> <span class='ocrx_word' id='word_1_305' title='bbox 847 3260 915 3303; x_wconf 90' lang='grc'><strong>000</strong></span> <span class='ocrx_word' id='word_1_306' title='bbox 925 3241 1178 3308; x_wconf 86' lang='lat' dir='ltr'><strong>solumterunm</strong></span> <span class='ocrx_word' id='word_1_307' title='bbox 1194 3256 1200 3335; x_wconf 56' lang='lat' dir='ltr'><strong>&#39;q</strong></span> 
     </span>
     <span class='ocr_line' id='line_1_35' title="bbox 128 3324 1180 3420; baseline -0.008 -22"><span class='ocrx_word' id='word_1_308' title='bbox 128 3336 250 3420; x_wconf 81' lang='lat' dir='ltr'><strong>pedem</strong></span> <span class='ocrx_word' id='word_1_309' title='bbox 275 3325 402 3409; x_wconf 82' lang='lat' dir='ltr'>totum,</span> <span class='ocrx_word' id='word_1_310' title='bbox 431 3355 548 3398; x_wconf 85' lang='lat' dir='ltr'>verum</span> <span class='ocrx_word' id='word_1_311' title='bbox 573 3329 674 3394; x_wconf 85' lang='lat' dir='ltr'><strong>etiam</strong></span> <span class='ocrx_word' id='word_1_312' title='bbox 701 3328 855 3392; x_wconf 83' lang='lat' dir='ltr'>ultimam</span> <span class='ocrx_word' id='word_1_313' title='bbox 880 3324 1018 3390; x_wconf 84' lang='lat' dir='ltr'><strong>secundi</strong></span> <span class='ocrx_word' id='word_1_314' title='bbox 1047 3328 1180 3412; x_wconf 83' lang='lat' dir='ltr'><strong>explent</strong></span> 
     </span>
     <span class='ocr_line' id='line_1_36' title="bbox 155 3409 1178 3511; baseline -0.007 -28"><span class='ocrx_word' id='word_1_315' title='bbox 155 3417 345 3494; x_wconf 81' lang='lat' dir='ltr'><strong>articulum,</strong></span> <span class='ocrx_word' id='word_1_316' title='bbox 382 3418 428 3482; x_wconf 92' lang='lat' dir='ltr'><strong>ita</strong></span> <span class='ocrx_word' id='word_1_317' title='bbox 459 3434 496 3511; x_wconf 72' lang='lat' dir='ltr'><strong>qt</strong></span> <span class='ocrx_word' id='word_1_318' title='bbox 524 3411 793 3503; x_wconf 85' lang='lat' dir='ltr'><strong>praecedentibus</strong></span> <span class='ocrx_word' id='word_1_319' title='bbox 822 3409 874 3476; x_wconf 86' lang='lat' dir='ltr'><strong>vel</strong></span> <span class='ocrx_word' id='word_1_320' title='bbox 897 3433 998 3484; x_wconf 85' lang='lat' dir='ltr'>unam</span> <span class='ocrx_word' id='word_1_321' title='bbox 1020 3413 1178 3492; x_wconf 86' lang='lat' dir='ltr'><strong>syllabam</strong></span> 
     </span>
     <span class='ocr_line' id='line_1_37' title="bbox 129 3443 1176 3591; baseline -0.006 -23"><span class='ocrx_word' id='word_1_322' title='bbox 129 3443 286 3591; x_wconf 69' lang='lat' dir='ltr'>lengum,</span> <span class='ocrx_word' id='word_1_323' title='bbox 309 3527 372 3591; x_wconf 90' lang='lat' dir='ltr'><strong>qua</strong></span> <span class='ocrx_word' id='word_1_324' title='bbox 389 3505 555 3589; x_wconf 85' lang='lat' dir='ltr'><strong>spondeus</strong></span> <span class='ocrx_word' id='word_1_325' title='bbox 574 3499 695 3576; x_wconf 88' lang='lat' dir='ltr'>oritur,</span> <span class='ocrx_word' id='word_1_326' title='bbox 724 3500 777 3562; x_wconf 87' lang='lat' dir='ltr'><strong>vel</strong></span> <span class='ocrx_word' id='word_1_327' title='bbox 790 3517 891 3560; x_wconf 89' lang='lat' dir='ltr'>unam</span> <span class='ocrx_word' id='word_1_328' title='bbox 908 3497 1032 3560; x_wconf 88' lang='lat' dir='ltr'><strong>duasve</strong></span> <span class='ocrx_word' id='word_1_329' title='bbox 1049 3499 1176 3574; x_wconf 85' lang='lat' dir='ltr'><strong>breves,</strong></span> 
     </span>
     <span class='ocr_line' id='line_1_38' title="bbox 129 3581 1269 3676; baseline -0.01 -22"><span class='ocrx_word' id='word_1_330' title='bbox 129 3589 405 3676; x_wconf 81' lang='lat' dir='ltr'><strong>quibusdactylus</strong></span> <span class='ocrx_word' id='word_1_331' title='bbox 421 3588 469 3671; x_wconf 87' lang='lat' dir='ltr'><strong>fit,</strong></span> <span class='ocrx_word' id='word_1_332' title='bbox 492 3585 655 3669; x_wconf 73' lang='lat' dir='ltr'><strong>adjiciant,</strong></span> <span class='ocrx_word' id='word_1_333' title='bbox 698 3587 773 3670; x_wconf 90' lang='lat' dir='ltr'><strong>Quo</strong></span> <span class='ocrx_word' id='word_1_334' title='bbox 785 3581 867 3674; x_wconf 84' lang='lat' dir='ltr'>ipso,</span> <span class='ocrx_word' id='word_1_335' title='bbox 890 3597 929 3643; x_wconf 88' lang='lat' dir='ltr'><strong>ut</strong></span> <span class='ocrx_word' id='word_1_336' title='bbox 943 3585 1176 3644; x_wconf 85' lang='lat' dir='ltr'><strong>hoccerersu-</strong></span> <span class='ocrx_word' id='word_1_337' title='bbox 1264 3595 1269 3610; x_wconf 79' lang='lat'><strong><em>¹</em></strong></span> 
     </span>
     <span class='ocr_line' id='line_1_39' title="bbox 128 3663 1175 3762; baseline -0.008 -22"><span class='ocrx_word' id='word_1_338' title='bbox 128 3698 190 3740; x_wconf 86' lang='lat' dir='ltr'>um</span> <span class='ocrx_word' id='word_1_339' title='bbox 207 3697 312 3760; x_wconf 86' lang='lat' dir='ltr'><strong>genus</strong></span> <span class='ocrx_word' id='word_1_340' title='bbox 327 3673 468 3762; x_wconf 86' lang='lat' dir='ltr'><strong>pariter,</strong></span> <span class='ocrx_word' id='word_1_341' title='bbox 491 3689 589 3760; x_wconf 88' lang='lat' dir='ltr'><strong>atque</strong></span> <span class='ocrx_word' id='word_1_342' title='bbox 604 3692 701 3758; x_wconf 87' lang='lat' dir='ltr'><strong>supra</strong></span> <span class='ocrx_word' id='word_1_343' title='bbox 716 3671 867 3740; x_wconf 87' lang='lat' dir='ltr'><strong>allatum,</strong></span> <span class='ocrx_word' id='word_1_344' title='bbox 891 3687 960 3728; x_wconf 90' lang='lat' dir='ltr'><strong>non</strong></span> <span class='ocrx_word' id='word_1_345' title='bbox 985 3663 1120 3752; x_wconf 73' lang='lat' dir='ltr'><strong>quidem</strong></span> <span class='ocrx_word' id='word_1_346' title='bbox 1137 3667 1175 3732; x_wconf 91' lang='lat' dir='ltr'><strong>in</strong></span> 
     </span>
     <span class='ocr_line' id='line_1_40' title="bbox 129 3751 1252 3847; baseline -0.011 -22"><span class='ocrx_word' id='word_1_347' title='bbox 129 3760 245 3837; x_wconf 81' lang='lat' dir='ltr'><strong>tertia,</strong></span> <span class='ocrx_word' id='word_1_348' title='bbox 281 3763 388 3824; x_wconf 88' lang='lat' dir='ltr'><strong>sedet</strong></span> <span class='ocrx_word' id='word_1_349' title='bbox 407 3757 444 3827; x_wconf 89' lang='lat' dir='ltr'><strong>in</strong></span> <span class='ocrx_word' id='word_1_350' title='bbox 467 3774 582 3847; x_wconf 84' lang='lat' dir='ltr'><strong>quarta</strong></span> <span class='ocrx_word' id='word_1_351' title='bbox 604 3772 638 3822; x_wconf 89' lang='lat' dir='ltr'><strong>et</strong></span> <span class='ocrx_word' id='word_1_352' title='bbox 658 3753 695 3818; x_wconf 87' lang='lat' dir='ltr'><strong>in</strong></span> <span class='ocrx_word' id='word_1_353' title='bbox 718 3753 862 3818; x_wconf 87' lang='lat' dir='ltr'><strong>secunda</strong></span> <span class='ocrx_word' id='word_1_354' title='bbox 887 3751 1021 3838; x_wconf 81' lang='lat' dir='ltr'><strong>regione</strong></span> <span class='ocrx_word' id='word_1_355' title='bbox 1043 3771 1177 3816; x_wconf 86' lang='lat' dir='ltr'><strong>caesura</strong></span> <span class='ocrx_word' id='word_1_356' title='bbox 1247 3823 1252 3834; x_wconf 90' lang='lat'><em>.</em></span> 
     </span>
     <span class='ocr_line' id='line_1_41' title="bbox 131 3833 1176 3946; baseline -0.011 -36"><span class='ocrx_word' id='word_1_357' title='bbox 131 3843 295 3946; x_wconf 68' lang='lat' dir='ltr'><strong>erigatur,</strong></span> <span class='ocrx_word' id='word_1_358' title='bbox 338 3855 454 3932; x_wconf 71' lang='lat' dir='ltr'><strong>poetae</strong></span> <span class='ocrx_word' id='word_1_359' title='bbox 481 3857 716 3931; x_wconf 85' lang='lat' dir='ltr'><strong>assequuntur,</strong></span> <span class='ocrx_word' id='word_1_360' title='bbox 756 3857 862 3936; x_wconf 86' lang='lat' dir='ltr'><strong>eoque</strong></span> <span class='ocrx_word' id='word_1_361' title='bbox 898 3835 1054 3936; x_wconf 81' lang='lat' dir='ltr'>ordinum</span> <span class='ocrx_word' id='word_1_362' title='bbox 1079 3833 1176 3935; x_wconf 63' lang='lat' dir='ltr'>finis,</span> 
     </span>
     <span class='ocr_line' id='line_1_42' title="bbox 131 3923 1175 4022; baseline -0.011 -25"><span class='ocrx_word' id='word_1_363' title='bbox 131 3953 225 4020; x_wconf 84' lang='lat' dir='ltr'><strong>quta</strong></span> <span class='ocrx_word' id='word_1_364' title='bbox 242 3947 402 3997; x_wconf 85' lang='lat' dir='ltr'><strong>consueto</strong></span> <span class='ocrx_word' id='word_1_365' title='bbox 415 3932 490 3999; x_wconf 86' lang='lat' dir='ltr'><strong>loco</strong></span> <span class='ocrx_word' id='word_1_366' title='bbox 504 3931 605 4006; x_wconf 86' lang='lat' dir='ltr'><strong>abest,</strong></span> <span class='ocrx_word' id='word_1_367' title='bbox 627 3925 664 3990; x_wconf 90' lang='lat' dir='ltr'><strong>iu</strong></span> <span class='ocrx_word' id='word_1_368' title='bbox 677 3927 761 3992; x_wconf 86' lang='lat' dir='ltr'><strong>duos</strong></span> <span class='ocrx_word' id='word_1_369' title='bbox 776 3925 867 4000; x_wconf 74' lang='lat' dir='ltr'><strong>alios,</strong></span> <span class='ocrx_word' id='word_1_370' title='bbox 897 3923 1175 4022; x_wconf 65' lang='lat' dir='ltr'><strong>bureprernmor,</strong></span> 
     </span>
     <span class='ocr_line' id='line_1_43' title="bbox 131 4005 1175 4100; baseline -0.016 -16"><span class='ocrx_word' id='word_1_371' title='bbox 131 4016 357 4088; x_wconf 78' lang='lat' dir='ltr'><strong>transferatur,</strong></span> <span class='ocrx_word' id='word_1_372' title='bbox 398 4017 504 4096; x_wconf 82' lang='lat' dir='ltr'><strong>Cujus</strong></span> <span class='ocrx_word' id='word_1_373' title='bbox 519 4011 579 4091; x_wconf 81' lang='lat' dir='ltr'><strong>rei,</strong></span> <span class='ocrx_word' id='word_1_374' title='bbox 599 4007 777 4100; x_wconf 55' lang='lat' dir='ltr'>uti&#39;prioris</span> <span class='ocrx_word' id='word_1_375' title='bbox 793 4007 1055 4088; x_wconf 79' lang='lat' dir='ltr'><strong>consuetudtmt,</strong></span> <span class='ocrx_word' id='word_1_376' title='bbox 1071 4005 1175 4080; x_wconf 76' lang='lat' dir='ltr'><strong>multa</strong></span> 
     </span>
    </p>
   </div>
   <div class='ocr_carea' id='block_1_3' title="bbox 0 0 1432 4794">
    <p class='ocr_par' dir='ltr' id='par_1_3' title="bbox 0 0 1432 4794">
     <span class='ocr_line' id='line_1_44' title="bbox 0 0 1432 4794; baseline 0 4"><span class='ocrx_word' id='word_1_377' title='bbox 0 0 1432 4794; x_wconf 95' lang='lat' dir='ltr'><strong> </strong></span> 
     </span>
    </p>
   </div>
  </div>
 </body>
</html>
