2854 4794
330 320 335 346 ι
423 315 680 458 -urxlutrar
700 353 989 452 uouemus.
1173 381 1196 463 s

45 590 48 596 ·
151 548 330 620 nuntiavit·
370 553 532 619 dranum
548 567 615 630 est,
636 550 674 618 in
688 572 771 638 quo,
788 553 816 616 si
835 553 915 638 quid
928 547 1043 632 video,
1064 555 1103 620 ab
1119 560 1190 636 ejus

123 685 127 690 -
150 636 314 701 sententia
340 636 600 704 dissentiendum
622 633 693 722 eri't.
750 640 883 702 Etenim
904 654 1016 724 putat,
1045 638 1131 703 inde
1149 645 1190 733 alp

150 723 317 802 llomero,
341 743 380 786 us
403 744 445 786 ue
463 721 591 786 adeam
610 737 767 795 aetatem,
789 745 852 810 qua
868 723 990 808 insigni
1008 741 1192 790 metrorum

131 803 362 883 'heroicorum
379 743 602 892 depravationi
624 811 778 890 Nounus,
799 808 868 872 sive
885 809 1022 894 quisque
1038 809 1120 872 elius
1135 808 1191 896 fugi

150 890 231 971 erit,
268 909 399 957 strenua
425 890 605 956 occurrerit
627 913 724 978 opero
748 909 782 956 et
803 902 937 960 versum
960 915 1108 985 priorum
1133 916 1202 970 so..
1269 947 1274 962 ,
1309 927 1311 937 ,

148 977 262 1048 =cordia
284 992 317 1042 et
335 976 534 1064 negligentia
556 994 674 1062 paens·
683 979 724 1041 ad
752 975 1013 1043 internecionem
1036 982 1190 1044 adactum

148 1062 269 1147 regulis
300 1061 490 1148 diligentius
506 1095 507 1102 κ
524 1061 712 1126 constitutis
744 1067 784 1126 ab
821 1063 959 1128 interitu
996 1063 1209 1140 servaverits

149 1169 222 1210 eam
239 1149 309 1212 fere
321 1143 510 1233 usurpatam
524 1149 602 1212 esse'
611 1168 797 1234 caesuram,
830 1171 912 1236 quae
928 1148 965 1212 in
978 1147 1083 1234 prima
1098 1147 1189 1212 tertii
1201 1113 1209 1216 l

147 1233 241 1318 pedis
256 1235 376 1314 syllaba
390 1232 485 1296 inest.
530 1234 644 1318 Quum
665 1235 813 1300 vercilla
836 1255 988 1309 caesura,
1019 1233 1086 1298 nisi
1105 1233 1187 1298 alias

147 1339 222 1388 eam
244 1320 388 1382 levantes
412 1319 568 1382 accedant
590 1317 791 1400 incisiones,
830 1314 910 1383 dura
938 1336 971 1384 et
994 1339 1104 1404 aspera
1127 1318 1188 1396 sit,

148 1420 183 1468 et
195 1403 408 1488 potissimum
423 1424 555 1468 caesura
571 1403 735 1468 trochaica
750 1403 785 1468 in
801 1423 924 1491 quarto¹
935 1406 1020 1490 pede
1037 1403 1210 1492 admissa„

146 1510 259 1552 versus
296 1489 544 1573 pessumdetur,
587 1505 837 1554 restauratorem
865 1489 961 1554 illum
989 1488 1074 1576 epici
1111 1512 1191 1554 νοτ-ι

146 1595 202 1648 sus
215 1571 380 1646 trochaica
395 1593 561 1637 caesurae
579 1589 695 1658 quarto
710 1575 794 1658 pede
817 1577 950 1660 expulsa
969 1592 1001 1638 et
1022 1575 1188 1659 spondeo*

145 1654 222 1724 r'um
248 1661 397 1745 pondere
426 1679 505 1722 curn
536 1658 740 1750 dactylorum
768 1659 977 1724 volubilitate
999 1675 1197 1745 permutato¹
1264 1671 1267 1680 “

140 1765 317 1814 ,cessuram
330 1743 368 1806 in
383 1743 480 1808 tertio
496 1745 578 1828 pede
595 1742 795 1812 trochaicam
812 1744 1041 1808 introduxisse.
1072 1749 1189 1829 Quan-

145 1853 247 1918 quam
263 1845 374 1893 autem
393 1827 605 1894 menifestum
622 1827 682 1900 sit,
704 1827 945 1895 vetustissimos
967 1827 1041 1894 illos
1062 1827 1187 1914 poetas,

146 1937 229 2002 quos
243 1929 308 1978 tres
324 1911 448 1999 priores
463 1912 574 2000 epicae
593 1911 786 1998 disciplinae
801 1931 921 1978 aetates
943 1911 1091 1980 effecisse
1110 1936 1187 2002 per.

143 1999 256 2078 hibet,
284 2003 467 2064 Homerum
490 2010 523 2062 et
549 1997 751 2074 Hesiodum,
782 1999 976 2064 Homeridas
993 2013 1026 2062 et
1049 2001 1187 2084 rhapso-

136 2089 223 2160 -dos,
246 2099 280 2150 st
293 2104 376 2171 quos
391 2105 463 2148 non
475 2106 527 2157 re,
550 2085 608 2147 sed
620 2082 757 2148 nomine
771 2083 958 2168 insignivit,
981 2105 1045 2147 usu
1062 2083 1186 2170 digam-

144 2170 242 2237 matis
258 2171 407 2255 neglecto
422 2169 581 2232 adversus
596 2171 785 2254 pungendus
801 2189 977 2256 aggressos,
1000 2173 1099 2254 (quae
1115 2169 1186 2270 qui·

145 2259 223 2320 clem
245 2255 415 2328 distinctio
439 2275 490 2322 res
509 2255 687 2318 admodu'm
713 2253 856 2331 lubrica,
884 2277 928 2319 ne
950 2253 1058 2317 dicam
1081 2253 1184 2332 irrita,

144 2363 216 2406 esse
224 2340 380 2421 videsue)
392 2343 457 2414 ¹hac
465 2353 736 2404 caesuraversum
745 2339 886 2402 libenter
896 2337 1100 2418 disjunxisse,
1110 2359 1186 2404 eam

138 2444 257 2510 tamen
295 2447 349 2488 rae
364 2422 547 2498 trochaica,
570 2445 669 2508 quem
681 2422 832 2488 ultimae
845 2422 955 2509 epicae
971 2420 1084 2490 aetatis
1103 2443 1187 2510 pro-

142 2512 250 2602 priam
268 2449 513 2596 dicitprimum
522 2507 795 2598 locumteuuisse,
818 2524 967 2572 accurata
976 2507 1185 2596 singulorum
1241 2575 1243 2580 ,
1273 2564 1276 2572 ,

142 2611 303 2662 versuum
326 2595 483 2673 ¹confecta
504 2593 634 2665 ratione
665 2596 800 2674 edoctus
821 2596 1035 2658 vehementer
1056 2594 1185 2662 dubito.

142 2687 293 2768 Namque
314 2683 377 2744 hae
399 2682 481 2747 duae
505 2679 680 2765 primariae
703 2677 873 2744 Homerici
882 2700 1001 2746 „versus
1020 2677 1185 2754 caesurae,

135 2783 323 2852 -tamsaepe
337 2787 372 2828 se
386 2763 531 2830 invicem
547 2763 729 2851 excipiunt,
748 2780 787 2844 ut
801 2763 837 2828 in
849 2763 990 2850 singulis
1006 2763 1098 2827 libris
1110 2783 1187 2826 ,me-

125 2855 188 2916 'do
204 2855 303 2932 hujus
318 2851 419 2914 modo
434 2849 521 2914 illius
539 2839 697 2914 uumerui
713 2855 862 2934 superet,
891 2849 996 2916 immo
1021 2847 1056 2908 in
1078 2845 1185 2932 pluri.
1252 2847 1254 2856 ‘

142 2940 205 3002 bus
221 2934 386 3002 trochaica
400 2937 498 3016 altera
520 2935 649 3020 saepius
666 2933 936 3019 deprehendatur.
1001 2934 1051 2996 Ne
1073 2947 1187 2996 autem

126 3019 307 3092 ..sententia
320 3019 381 3084 ista
397 3019 712 3104 temerarialideque
733 3017 854 3084 idonea
873 3013 1028 3080 destituta
1043 3017 1084 3078 ad
1103 3013 1186 3086 ini,

142 3123 218 3172 tum
234 3107 346 3179 cadat,
370 3120 491 3191 utque,
513 3102 543 3175 si
557 3103 692 3190 quidem
708 3101 778 3170 fieri
792 3099 915 3187 possit,
938 3100 998 3172 alii,
1010 3100 1108 3164 etiam
1130 3121 1189 3166 au

112 3242 115 3254 .
142 3214 277 3257 sensum
293 3189 389 3254 dictis
405 3194 592 3275 praebeant,
611 3191 716 3257 ,unius
729 3189 962 3251 tantummodo
973 3185 1049 3250 libri
1065 3202 1098 3250 et
1110 3193 1186 3268 ejus

133 3277 262 3356 ,Iliados
282 3273 515 3362 primi'versus
544 3271 747 3359 diligentiori
773 3293 915 3334 censura·
956 3273 1126 3336 erlustrare
1144 3271 1184 3352 in
1249 3287 1254 3294 ·

144 3363 257 3427 animo
272 3377 329 3426 est.
374 3363 512 3427 Constat
525 3375 636 3422 autem
656 3355 829 3444 rhapsodias
851 3297 1000 3422 versibus
1023 3357 1185 3426 sexcentis

143 3445 318 3522 undecim,
354 3467 497 3532 quorum
523 3461 648 3542 septem
674 3437 713 3512 'vt
733 3441 803 3510 106.
827 3442 897 3508 145.
921 3441 992 3507 218.
1015 3441 1089 3527 507.
1108 3441 1182 3508 400.

142 3534 216 3599 466.
243 3531 315 3600 584.
337 3553 395 3618 pes
418 3523 642 3606 tertiusnulla
671 3537 808 3614 prorsus
831 3534 965 3591 caesura
997 3525 1183 3590 distinetur.
1251 3602 1254 3612 Ἰ

141 3623 171 3684 E
186 3615 322 3702 reliquis
339 3633 449 3680 autem
463 3612 624 3688 sexcentis
638 3629 779 3700 quatuor
792 3610 926 3676 ducenti
942 3610 1185 3711 octogiutauo-

142 3725 220 3770 vem
237 3701 328 3765 illam
338 3729 354 3776 ,¹
369 3706 451 3788 quae
466 3698 503 3770 in
519 3697 626 3786 prime
641 3697 786 3785 regionis
806 3695 921 3773 tertiae
934 3711 1088 3770 ‘cerurtur
1113 3699 1184 3781 syl-

142 3791 215 3852 laba
222 3833 233 3862 ,
255 3785 453 3850 incisionem
469 3787 606 3860 habent,
629 3781 768 3856 trecenti
782 3797 893 3846 autem
907 3785 1020 3846 decem
1035 3779 1183 3869 quinque

142 3877 338 3938 trochaeum
356 3869 542 3934 admittunt.
563 3865 677 3934 ”Sunt
706 3882 836 3944 autem,
862 3875 925 3947 (ut
949 3867 1039 3933 enisu
1064 3867 1200 3951 clarius,-

166 3973 271 4037 ateat,
304 3955 449 4044 singulus
464 3955 539 4020 edit.
557 3955 658 4020 Wolf.
681 3952 814 4040 paginas
842 3952 986 4016 breviter
1005 3972 1182 4019 enumera·

133 3981 215 4130 KQ)
242 4067 277 4132 p.
291 4041 321 4113 ὅ.
344 4037 462 4131 prioris
479 4039 666 4129 generisad
679 4059 857 4114 numerum
874 4037 1043 4129 ‘quinques
1068 4051 1197 4126 poste-w
