2854 4794
272 379 310 464 ir
417 393 505 464 cta.
520 395 560 466 n.
596 393 654 462 oa
676 387 1159 500 summasunmna
1318 375 1321 384 '

215 614 219 619 -
266 591 298 656 p.
313 552 405 634 XXX.
419 563 665 646 consentiunn)
685 563 722 628 in
741 564 842 646 locis,
854 562 924 628 ubi
943 571 1048 631 metro
1065 561 1176 630 addito
1189 561 1314 644 rhoali

247 649 415 717 succurri
437 665 560 736 potest,
589 651 680 714 illam
700 649 870 714 licentiam
891 652 983 714 nullo
1006 666 1102 735 pacto
1123 671 1310 736 agnoscere.

268 741 361 824 Quae
380 735 468 798 enim
485 737 689 815 Bruncitiur,
711 735 897 812 Ernestius,
920 751 953 800 et
971 758 1077 820 nuper
1097 734 1311 800 Northmoti-

96 895 104 922 x
199 859 210 882 ι
266 843 306 885 us
320 823 360 885 ad
376 820 579 904 Thryphiod.
600 825 676 886 Exc.
692 825 742 886 111.
760 835 963 896 statuerunt,
994 822 1062 886 sola
1080 841 1232 886 caesurae
1246 841 1312 906 ope

266 909 424 991 nulloque
439 921 574 968 externo
589 903 792 976 adminiculo
808 925 899 983 usos,
919 903 979 969 ubi
993 920 1104 970 tamen
1119 927 1176 968 sua
1192 921 1312 991 sponte

267 991 459 1064 offerretur,
481 991 535 1055 vel
557 989 765 1054 brevissimas
787 991 922 1072 syllabas
941 993 1081 1055 Graecos
1103 991 1311 1076 produxisse,

266 1099 344 1142 cum
359 1075 491 1139 suavius
507 1076 548 1138 ad
565 1093 657 1139 aures
674 1096 789 1138 eorum
806 1074 992 1154 accidisscn
1021 1074 1049 1139 si
1072 1074 1227 1160 legissent
1248 1076 1310 1144 Od.

264 1175 296 1250 ρ,
314 1161 382 1229 166.
406 1160 553 1232 adversos
573 1159 683 1228 πόλεσί
701 1187 734 1227 τε
756 1167 809 1228 καὶ
830 1162 952 1228 ἄλλοισι
970 1161 1065 1228 κακόν
1085 1163 1185 1237 ἔσται,
1209 1181 1310 1246 qnam

265 1248 486 1328 contrarium,
509 1268 546 1310 ea
562 1246 711 1332 profecto
725 1244 852 1310 nemini
870 1247 997 1330 placere
1017 1263 1162 1330 possunt.
1185 1249 1311 1312 Contra
1329 1314 1336 1320 ,

265 1332 354 1420 mihil
373 1333 466 1394 valde
489 1329 610 1396 arridet
638 1329 787 1394 Porsonii
811 1333 851 1394 ad
873 1328 984 1414 Eurip.
1011 1333 1116 1397 Orest.
1152 1331 1200 1397 65.
1224 1337 1311 1396 Her-

249 1417 379 1502 Jtiranni
396 1433 428 1480 ct
444 1415 598 1482 Censoris
615 1420 710 1480 Hom.
729 1417 778 1480 cd.
793 1415 892 1481 Wolf.
908 1417 930 1479 1.
948 1417 968 1482 l.
985 1414 1165 1497 sententia,
1186 1417 1310 1504 quippe

239 1502 324 1592 qui
346 1517 516 1578 censeant,
543 1529 560 1566 ν
584 1500 683 1578 illud,
712 1523 777 1585 quo
798 1521 954 1565 versuum
977 1500 1231 1566 Homericorum
1249 1523 1311 1569 co-

234 1615 236 1625 ¹
263 1591 387 1677 piacet
407 1587 587 1672 elegantiae
602 1584 776 1671 singularis
798 1583 929 1648 additur
942 1584 1013 1661 vis,
1032 1583 1180 1670 pluribus
1200 1587 1235 1650 in
1256 1589 1311 1653 lo-

264 1675 329 1756 cis,
350 1669 409 1736 ubi
423 1692 515 1740 nunc
526 1673 640 1745 abest,
662 1669 885 1750 adjiciendum
905 1691 982 1736 esse.
1021 1669 1111 1734 Hino
1123 1693 1192 1756 non
1207 1672 1309 1736 dubi-

264 1757 406 1824 taverim
420 1778 497 1820 cum
510 1760 718 1828 Hermanno,
743 1776 842 1840 quem
857 1754 958 1821 ctiam
973 1756 1009 1818 in
1024 1755 1164 1838 Hymnis
1180 1761 1308 1824 Home-

215 1837 223 1854 '
252 1843 342 1910 ¹ricis
375 1864 448 1906 eam
483 1839 646 1908 scribendi
684 1861 835 1904 normam
875 1856 1027 1904 secutum
1056 1838 1170 1920 video,
1216 1843 1249 1908 11.
1273 1855 1308 1930 ῥ’,

137 1911 152 1964 ⁸,
263 1931 337 2015 67-1.
351 1923 584 2017 legeremosdc
600 1923 676 1991 d'od
688 1923 835 2008 Σύμηθεν
848 1926 922 2007 ἄγεν
936 1931 1018 2010 assic
1030 1927 1105 2004 νῆας
1120 1931 1222 2006 iinon:
1239 1929 1308 1998 ‚etsi

151 2783 153 2790 ’
259 2803 330 2848 rem
348 2771 491 2844 confc'rri
505 2791 662 2861 poterunt
675 2775 741 2840 loci
760 2779 872 2843 Venet.
887 2778 1075 2859 scholsjam
1094 2803 1112 2843 a
1128 2783 1202 2844 Wol

262 2013 354 2081 enim
370 2012 477 2076 Schol.
494 2015 607 2076 Venet.
622 2031 692 2074 nou
705 2011 946 2086 solumadh.l.,
968 2033 1084 2074 verum
1100 2012 1201 2078 etiam
1217 2013 1308 2095 alibi,

263 2095 369 2165 veluti
379 2097 418 2160 ad
433 2105 464 2180 β,
481 2093 552 2178 756.
574 2101 603 2169 δ,
623 2091 691 2182 139.
713 2093 837 2182 ²⁹·557·
858 2122 886 2174 ν,
899 2095 970 2180 715.
992 2103 1020 2176 ξ,
1032 2097 1104 2165 456.
1121 2101 1205 2162 hanc
1220 2100 1308 2166 scri-
1413 2092 1414 2098 '

193 2183 196 2200 ‘
261 2185 411 2272 ptionetn
435 2178 612 2246 Aristarchi
635 2179 832 2244 auctoritate
853 2179 1062 2264 improbent,
1101 2197 1229 2260 tamen,
1266 2201 1309 2250 ut
1342 2242 1344 2250 s

260 2273 343 2336 haec
364 2263 550 2345 sufficiant,
579 2266 764 2330 verendum
781 2280 839 2332 est.
883 2265 1011 2352 Magna
1031 2267 1181 2352 proiecto
1206 2285 1254 2334 est
1271 2287 1308 2336 et

263 2377 334 2420 esse
350 2353 448 2417 debet
470 2351 505 2414 in
530 2348 668 2416 Homeri
685 2366 776 2414 textu
798 2349 1031 2415 constituendo
1050 2350 1224 2418 Aristarchi
1242 2377 1309 2419 au·
1329 2356 1333 2364 '
1413 2359 1414 2383 ¹

257 2437 414 2514 ctoritas,
435 2439 496 2511 at‚'
507 2457 606 2522 quam
623 2456 722 2514 coeca
735 2435 800 2514 fide
816 2434 1113 2502 Grammaticorum
1135 2442 1253 2526 vulgus
1266 2441 1309 2506 in

260 2534 332 2606 ejus
350 2527 448 2588 verba
463 2519 640 2604 juraverit,
668 2542 737 2585 non
754 2519 866 2596 minus
889 2537 1008 2584 notum
1030 2539 1087 2590 est.
1153 2527 1229 2612 Quo
1252 2527 1306 2592 fa·-
1412 2573 1413 2581 η

259 2626 354 2674 etum
368 2624 427 2686 est,
445 2623 485 2670 ut
499 2621 624 2670 netum
638 2603 784 2692 quidem,
805 2628 893 2687 cum,
915 2613 999 2693 q'uac
1009 2607 1065 2672 ille
1079 2609 1305 2696 proposuerat,
1340 2626 1346 2634 '

181 2727 184 2734 .
260 2711 371 2784 aperte
388 2695 467 2756 falsa
483 2706 609 2765 essent,
638 2693 678 2754 ab
695 2712 734 2754 eo
752 2693 904 2755 recedere
923 2693 1090 2762 auderent.
1139 2701 1178 2760 In
1203 2719 1324 2845 Euam·
1411 2753 1412 2779 ¹

1228 2783 1304 2860 oin

161 2906 162 2914 ,
207 2931 211 2938 ,
258 2866 407 2950 Prolegg.
426 2859 531 2926 notati
545 2862 586 2924 ad
601 2863 634 2930 11,
651 2870 683 2944 β,
701 2860 772 2928 516.
795 2867 823 2935 d,
839 2861 910 2929 255.
934 2884 1020 2948 quae
1036 2865 1241 2944 Eustathius,
1264 2885 1305 2934 ut
1410 2927 1411 2932 ,

236 2949 403 3040 'plurima
418 2951 540 3010 horum
554 2945 770 3027 scholiorum,
798 2946 918 3026 pariter
937 2947 1043 3016 offert.
1095 2952 1176 3037 Quis
1199 2951 1303 3040 igitur

257 3034 483 3104 Aristarchum
515 3030 552 3094 in
578 3031 630 3095 his
658 3054 763 3096 errare
798 3031 944 3117 potuisse
981 3036 1159 3120 praefracte
1186 3057 1304 3138 neget,

161 3124 165 3132 '
258 3118 451 3221 praesertim
473 3139 577 3205 quum
594 3115 817 3202 Aristophanis
838 3116 1002 3197 judicium
1022 3127 1092 3200 ejus
1114 3126 1301 3190 auctoritati

258 3227 296 3269 an
303 3201 354 3266 his
363 3203 551 3288 oppositum
566 3201 633 3272 sit?
656 3219 737 3266 teste
746 3201 836 3266 enim
845 3205 952 3267 Schol.
968 3209 1080 3270 Venet
1089 3209 1172 3280 adli.
1189 3238 1218 3284 ν,
1228 3211 1305 3296 713,

211 3335 214 3348 ,
258 3289 299 3360 ori
314 3285 372 3375 γάρ
390 3315 464 3370 σφιν
485 3294 592 3368 cendia
616 3287 671 3353 itte
693 3285 793 3352 scribi
815 3285 916 3369 jussit
961 3290 1076 3376 Quid?
1114 3295 1203 3377 quod
1226 3296 1301 3360 Ari.

258 3377 407 3440 starchus
422 3369 615 3458 scripturam
632 3373 668 3436 in
684 3371 802 3437 verbis
817 3380 973 3454 rejectam
989 3373 1031 3436 in'
1042 3376 1301 3478 praepositioni-

258 3461 323 3526 bus
335 3456 494 3543 praefert,
517 3472 556 3520 ut
570 3459 604 3522 Il.
622 3467 646 3538 ξ,
664 3477 735 3526 202.
756 3469 790 3527 οἵ
800 3459 832 3544 μ’
845 3465 878 3528 o
894 3464 1000 3548 σφοῖσι
1014 3465 1164 3542 donorum,
1185 3467 1300 3551 rr,775.

258 3541 689 3630 o‘d’s’vocooodicyyt'uovr'nc,
709 3571 736 3618 ο,
758 3543 826 3630 187.
846 3543 1300 3635 roeicycioc’s’ali'odaooaines,
1406 3587 1407 3604 t

221 3665 226 3673 ·
256 3627 381 3699 uhialii
392 3627 728 3713 consonaomissans,
742 3635 786 3702 δὲ,
799 3656 833 3696 τε
846 3631 976 3704 dabant,
994 3631 1152 3698 exhihuit
1181 3637 1300 3702 Gravis
1357 3703 1360 3708 ,

257 3736 338 3780 voro
352 3713 514 3778 momenti
531 3713 631 3779 ctiam
647 3713 729 3776 illud
746 3729 805 3793 est,
826 3720 892 3794 jam
901 3717 941 3780 ab
960 3719 1152 3780 Hermanno
1166 3709 1199 3782 et
1214 3723 1299 3788 Cen.
1404 3779 1406 3788 ,

258 3821 333 3867 rore
348 3801 369 3866 l.
384 3801 405 3866 1.
422 3795 624 3885 expositum,
646 3796 682 3862 in
703 3795 871 3864 vocabulis
895 3799 1013 3864 mediis
1036 3802 1299 3887 duplicilitcrae

259 3907 425 3952 consonae
450 3906 519 3948 non
537 3904 611 3947 raro
633 3911 650 3948 a
670 3881 764 3962 addi,
804 3897 842 3946 ut
865 3884 1036 3970 ἄμβροτος,
1073 3896 1299 3976 erpuinum

241 3988 293 4045 oet
306 3969 396 4045 aliis,
420 3991 518 4056 quem
535 3989 632 4055 usum
648 3970 800 4032 observat
812 3971 957 4040 Eustath.
971 3973 1011 4036 ad
1026 3973 1064 4038 Il.
1081 4002 1111 4048 α,
1128 3963 1179 4040 5¹5.
1196 3999 1229 4062 p.
1243 3977 1297 4048 40.

209 4150 212 4160 η
257 4057 421 4162 Murius·
439 4056 490 4124 des
500 4058 535 4124 di
548 4060 601 4124 rat
612 4051 810 4165 ἠ-ἇμφασίη,
823 4058 890 4124 «καὶ
900 4054 936 4126 cd
948 4064 1168 4146 πίμπλασθαι.
1188 4069 1243 4134 καὶ
1259 4064 1298 4134 ω’
1319 4065 1323 4073 “
