2880 4796
245 411 308 506 no
560 408 650 474 ore.
670 407 736 508 nt
757 407 817 472 or.
838 403 977 470 muru
1010 483 1014 494 ,
1112 393 1116 402 ·

195 573 203 592 ⁴
249 583 367 660 ἄστεος.
403 588 433 655 i,
453 575 525 666 735.
545 577 740 663 sippiocoe'rro
759 573 797 656 dri
815 576 903 644 doro.
932 603 963 657 o,
985 574 1058 665 455.
1078 575 1153 666 roric
1174 577 1229 661 piu
1253 577 1301 666 dy*

247 665 415 753 Ἀστυνόῳ.
437 691 466 742 o,
484 659 555 748 274.
571 670 674 745 ἵξομεῡ
688 665 777 729 oio-w.
807 665 909 743 Hcyn.
925 663 994 728 Vol.
1012 667 1075 727 Vll.
1093 662 1212 757 ρίᾷγε».
1229 661 1293 728 ait:

142 773 145 784 '
240 753 563 840 '',‚³eclaratpodtam
580 745 913 820 nouHomericum.“
945 749 1298 834 ,Ququuamautem

251 839 362 904 hiatus
385 851 459 897 ante
473 836 549 901 doro
567 835 758 918 plerumque
782 829 943 926 occurrit,
964 833 1215 918 productionem
1242 850 1298 894 ta-

250 925 339 998 lem,
363 921 490 1006 qualem
506 920 674 998 Bentlejus
694 935 727 981 et
752 916 899 998 Heynius
921 919 942 981 l.
957 919 979 980 l.
1003 919 1047 981 ll:¹
1064 927 1090 996 l,
1106 917 1178 1002 753.
1193 917 1297 1006 ἀμφὶ.

250 1035 365 1081 ctam
381 1010 458 1074 ἄστυ
471 1006 606 1082 volun-t,
629 1003 699 1070 ullo
713 1004 750 1067 in
765 1003 839 1066 loco
855 1002 939 1090 legi.
961 1023 1031 1068 nou
1045 1003 1195 1070 memini.
1253 1047 1256 1054 -
1275 1021 1278 1030 ·

626 1215 825 1304 ’Μ

336 1349 375 1414 in
391 1343 443 1422 iis,
464 1365 547 1430 quse
567 1341 675 1409 editor
687 1341 917 1428 Gottingensis
933 1341 969 1406 in
993 1343 1100 1408 fronte
1115 1344 1238 1409 vocalis
1253 1353 1296 1420 Ε,

250 1429 294 1500 de
313 1432 509 1518 digammate
527 1428 692 1494 vocabulis
710 1451 728 1492 a
743 1428 867 1516 duplici
888 1456 903 1495 ε
918 1427 1168 1504 inchoantibus,
1191 1430 1296 1494 veluti

252 1519 363 1598 ἔρδων,
384 1519 534 1599 ἐέλδομαι,
555 1532 588 1578 et
609 1519 787 1577 verborum
809 1512 1109 1600 praeteritis‘iocxm
1133 1514 1214 1598 aliis,
1233 1517 1296 1578 ad-

256 1603 339 1678 dito,
362 1601 539 1673 disseruit.·
553 1599 733 1675 rationem,
755 1619 818 1686 qua
831 1611 929 1662 usum
945 1597 1040 1662 illum
1056 1600 1195 1678 stabilit,
1218 1599 1296 1664 satis

184 1703 187 1720 ¹
247 1685 452 1753 imbecillam
473 1683 615 1752 invenit.
659 1689 742 1749 Nam
767 1683 797 1748 si
815 1683 978 1770 digamma
1001 1707 1041 1746 au
1101 1684 1170 1747 enti
1193 1685 1296 1750 instar

231 1811 233 1818 ν
252 1771 290 1838 in
306 1768 488 1857 praeteritis
512 1775 674 1833 Homerus
692 1773 893 1855 'praeponere
908 1769 1024 1832 sol-itus
1044 1707 1180 1848 iiiisset,
1204 1787 1295 1834 certo

236 1877 345 1921 ‘nunc
361 1855 481 1935 omitti,
496 1876 586 1917 nunc
602 1853 700 1933 adjici
713 1875 782 1918 non
797 1853 971 1939 potuisset.
1013 1857 1077 1920 Sed
1092 1854 1295 1920 contrarium

250 1939 410 2007 accidisse
424 1956 574 2025 apparet;
596 1941 697 2002 modo
713 1939 801 2002 enim
815 1937 954 2025 legitur,
978 1955 1016 2004 ut
1029 1941 1067 2004 Il.
1080 1949 1113 2040 ρ,
1128 1940 1180 2006 58.
1202 1943 1292 2028 ἄγχι-

247 2055 309 2095 ·στα
324 2027 418 2110 ἐῴκει.
438 2026 553 2100 modo,
575 2040 613 2086 ut
627 2051 656 2101 v,
679 2023 748 2108 571.
763 2027 867 2112 χεῖρας
882 2023 965 2090 ἔοικε.
1006 2025 1145 2126 Optume
1160 2023 1293 2126 quidem

250 2115 313 2176 hae
329 2109 487 2196 opinione
506 2108 740 2196 adspirationis
759 2107 903 2196 patronis
926 2107 1074 2174 subsidio
1094 2109 1206 2174 ‘ventri
1228 2132 1292 2196 po.

252 2192 334 2270 tes't5
366 2211 399 2258 at
428 2194 512 2257 illud
535 2198 678 2258 Graecae
701 2193 834 2280 linguae
858 2191 933 2256 usui
957 2209 1127 2282 repugnat.
1178 2199 1293 2282 Neque
1354 2275 1357 2281 Ι

165 2293 168 2301 ’
252 2279 426 2344 subtilitati
447 2278 502 2342 isti
524 2281 703 2343 admodum
718 2278 915 2365 patrocinari
936 2279 1084 2364 videtur,
1106 2283 1194 2366 quod
1218 2297 1293 2344 ante

249 2367 411 2430 vocabula
424 2362 485 2426 illa
510 2363 637 2449 saepius
654 2366 911 2450 eanteponitur,
933 2381 977 2444 et,
999 2365 1087 2429 idom
1111 2365 1291 2430 ante‘alias

253 2469 413 2514 consonas
436 2447 557 2534 pariter
582 2449 706 2512 factum
720 2471 806 2529 esse,
828 2449 919 2513 nulla
943 2451 1123 2514 cernuntur
1142 2449 1292 2537 vestigia.

254 2535 318 2599 Sed
338 2535 418 2595 haec
443 2533 650 2620 a'propusito
664 2534 769 2598 aliena
783 2550 868 2599 sunt.
909 2533 1084 2600 Videamus
1106 2557 1205 2600 voces
1227 2557 1292 2612 eas,

126 2655 127 2663 κ
220 2671 221 2678 ,
251 2617 373 2705 quibua
397 2616 561 2704 digamma
582 2616 722 2704 ecapite
744 2619 1064 2706 praefixum'fuisse,
1085 2623 1125 2687 ab
1149 2621 1211 2700 iis,
1233 2617 1293 2709 qui
1376 2642 1378 2650 ’

230 2749 232 2754 -
251 2710 326 2786 ejus
343 2723 473 2766 causam
488 2719 607 2788 agunt,
629 2705 774 2772 docetur.

337 2786 460 2864 Ἑανός.
486 2789 676 2854 ·1nterdum
696 2789 832 2876 quidem
846 2789 955 2856 brettis
978 2793 1097 2873 syllaba
1112 2791 1168 2858 isti
1189 2812 1293 2857 voca..

148 2945 152 2960 ¹
246 2873 333 2940 itulo
352 2874 553 2937 antecedens
573 2875 732 2958 producta
748 2875 934 2956 invenitur,
954 2899 1062 2962 neque
1084 2895 1196 2943 autem
1217 2877 1292 2943 hia-

251 2976 327 3024 tum
349 2975 381 3024 at
400 2959 498 3022 habet
521 2974 555 3023 et
575 2961 699 3024 habere
718 2975 837 3046 potest.
882 2965 988 3046 Heyn.
1006 2963 1079 3028 Vol.
1104 2967 1139 3028 V.
1165 2963 1234 3028 ιδ’-ι.
1258 2976 1293 3028 et

253 3045 415 3190 Vlldpiy.
436 3059 469 3109 et
492 3043 533 3108 de
551 3044 646 3110 vocis
661 3063 814 3110 mensura
829 3061 862 3110 et
883 3049 924 3110 de
947 3045 1145 3134 digammate
1165 3045 1294 3114 diversa
1350 3122 1352 3135 Ι

248 3141 303 3192 tra
326 3146 361 3193 rt.
872 3147 874 3154 ’
917 3144 921 3157 ¹

321 3215 433 3300 ·”Εαρ,
455 3214 584 3304 impertio.
628 3212 700 3280 Nisi
720 3212 774 3278 vis
793 3215 854 3280 Od.
876 3239 905 3293 r,
926 3211 1000 3302 519.
1023 3215 1178 3308 ἀείδῃσιν,
1199 3219 1292 3302 ἔαρος

254 3297 418 3383 digamma
434 3323 472 3386 ap
497 3305 620 3374 robure,
643 3298 761 3362 unicus
776 3301 881 3383 locus,
903 3300 1113 3386 qui'tueatun
1136 3303 1292 3386 adjectivi

255 3399 316 3452 est.
349 3385 395 3446 ·ll.
411 3393 448 3464 d,
470 3405 540 3470 ⁰⁰7·
554 3391 675 3474 euripo!
692 3411 726 3451 er
746 3389 926 3476 εἰαρινῇσιν.
957 3387 995 3452 ll.
1018 3397 1049 3475 p,
1073 3391 1145 3475 471.
1174 3392 1235 3455 od.
1257 3403 1291 3468 σ.

254 3467 328 3550 567.
350 3496 380 3556 χ,
400 3467 471 3534 501.
488 3473 551 3558 ὥρῃ
568 3477 599 3539 ἐν
613 3472 742 3558 εἰαρινῇ.
763 3486 796 3532 et
815 3475 935 3553 Hymn.
950 3469 986 3532 in
1001 3475 1073 3538 Ger.
1095 3475 1165 3560 174.
1186 3473 1292 3560 εἴαρὸς
1311 3497 1313 3504 ’

156 3585 158 3590 ·
203 3585 208 3604 ¹
253 3555 330 3641 dipp-
374 3555 473 3638 Quod
493 3555 658 3635 Heynius,
681 3555 738 3640 qui
759 3553 795 3616 in
817 3557 838 3619 l.
862 3557 885 3620 l.
899 3555 1013 3620 Iliados
1036 3567 1066 3642 β.
1087 3564 1121 3626 ἐν
1150 3581 1319 3646 praepo-·

253 3638 409 3703 sirionem
432 3637 560 3702 amoliri
584 3642 674 3712 vult,
705 3641 745 3702 ad
772 3639 872 3702 fidem
892 3639 953 3703 sihi
976 3645 1151 3728 parandam
1175 3645 1292 3710 afferre

201 3790 206 3804 ,
253 3722 428 3824 potuisset:
469 3727 509 3788 At·
531 3721 749 3787 nihilominus
771 3723 1062 3810 praepositionem,
1087 3731 1192 3816 q'uum
1217 3725 1292 3795 aliis

67 3855 76 3866 ,
124 3817 128 3828 ’
146 3841 148 3847 1
251 3825 354 3873 etlam
370 3807 406 3870 in
420 3806 502 3871 locis
519 3825 706 3871 constanter
719 3809 844 3889 adjecta
859 3810 913 3892 sit,
934 3815 1091 3876 tuendam
1108 3814 1258 3878 arbitron

278 3913 281 3920 ⁴
331 3897 457 3971 ‘'Edvov,
478 3893 586 3961 s'rdvoo.
621 3895 655 3957 ll.
672 3921 705 3967 π,
722 3914 792 3980 190.
816 3895 876 3958 Od.
891 3905 919 3969 λ,
934 3895 1007 3962 282.
1028 3925 1056 3972 τ,
1071 3898 1144 3986 529.
1162 3916 1197 3963 et
1211 3897 1290 3964 alibi

249 3978 356 4066 prima
373 3981 478 4044 forma
493 3979 621 4042 hiatum
635 3981 749 4056 habet,
769 3977 805 4044 in
827 3979 925 4044 altera
943 3981 1105 4068 digamma
1121 3983 1290 4084 postposi-

250 4081 411 4136 tumssse
426 4065 592 4154 duplicem
604 4063 693 4130 inter
709 4065 873 4144 vocalem·
887 4068 1036 4150 Hcynius
1050 4075 1155 4157 putat,
1177 4089 1290 4161 nuque
