2880 4796
903 180 907 186 Ι
949 131 968 170 ⁴

240 377 306 453 rso
549 375 641 444 cll’.
665 379 714 444 lv.
745 375 805 446 BE
830 373 1004 450 maru*
1103 443 1112 458 „

238 544 402 634 congessi,
423 561 538 614 omnes
552 546 762 648 perspicient.
804 549 910 633 Atque
924 541 977 628 iis,
999 565 1082 632 quae
1100 543 1204 624 attuli,
1225 554 1284 628 jn..

240 650 290 698 ata
305 637 398 696 lance
413 635 596 720 pensitans,
618 634 646 700 ai
658 649 849 720 statuamus,
871 635 1055 704 Homerum
1064 653 1170 694 usum
1182 632 1284 698 illum

157 719 159 724 ’
241 719 451 806 digammatis
475 721 529 783 vel
548 739 681 806 prorsus
707 717 899 796 nescivisse,
926 713 979 780 vel
999 717 1128 783 mature
1145 715 1186 787 'iu
1207 723 1281 798 ejus

241 803 444 870 carminibus
468 807 611 880 necdum
635 802 822 892 perscriptis
851 801 1047 879 exolevisse,
1076 821 1137 867 nos
1159 825 1177 876 a
1198 821 1287 866 veru

241 889 332 958 haud
347 891 490 958 multum
506 893 708 953 aberraturus
719 911 787 953 esse
805 886 1010 956 crediderim.
1046 889 1170 952 Omnes
1179 883 1284 962 enirn,

244 974 302 1060 qui
323 972 371 1034 illi
389 975 576 1044 renituntur
592 995 724 1051 versus,
746 973 817 1037 aive
831 988 959 1042 mutare
975 974 1077 1051 velis,
1098 973 1283 1040 verendum

244 1058 326 1130 erit,
347 1081 389 1119 ne
403 1059 562 1158 pessimae
580 1059 699 1146 cuique
714 1056 869 1132 lectioni,
892 1058 1001 1148 quales
1015 1079 1127 1141 reapse
1139 1055 1287 1136 Bentleji

152 1167 161 1184 ¹
226 1159 279 1206 ‘et
293 1131 415 1223 lleynir
432 1146 554 1214 multae
570 1143 653 1220 sint,
675 1144 779 1208 aditus
794 1142 831 1204 in
850 1139 987 1206 Homeri
1003 1140 1147 1206 carmina
1164 1153 1286 1228 pateat,

223 1250 226 1256 ’
244 1225 316 1303 sive
334 1249 447 1291 versus
464 1226 543 1290 istos
561 1228 688 1313 spurios
705 1243 737 1293 et
751 1249 768 1294 a
784 1225 894 1290 sciolis
908 1225 1047 1288 insertos
1060 1223 1216 1306 judicare,
1238 1245 1290 1296 ne

79 1315 87 1332 ‘
244 1311 342 1374 tertia
366 1313 604 1396 propemodum
619 1312 736 1378 lliados
752 1326 849 1397 atque
867 1311 1030 1390 Odysseae
1049 1325 1143 1394 parte
1159 1324 1285 1374 resecta

246 1396 431 1464 carminum
456 1397 589 1463 illorum
611 1397 752 1468 ambitus
775 1398 897 1459 mirum
921 1392 958 1460 in
978 1397 1116 1462 modum
1141 1393 1312 1456 circum...

244 1482 425 1552 scribatur,
449 1498 482 1544 et
497 1481 713 1548 Homericum
728 1502 849 1566 corpus
861 1479 951 1566 quasi
968 1483 1177 1552 attenuetur,
1195 1477 1286 1564 peri-
1368 1505 1371 1515 ·

245 1567 361 1634 culum
378 1564 497 1632 existit.
536 1565 661 1632 'Sedulo
678 1587 734 1631 eos
748 1565 936 1638 notavimus
950 1586 1072 1640 versus,
1095 1585 1188 1646 qnos,
1204 1581 1286 1628 curu

247 1649 408 1714 correctio
430 1649 547 1718 idonea
564 1641 755 1718 subveniret
769 1651 874 1732 nulla,
895 1649 1045 1740 lleynius
1067 1647 1189 1734 allique
1204 1670 1285 1733 sup-

246 1731 411 1825 posititios
429 1751 461 1798 et
478 1737 614 1802 Homeri
630 1735 759 1824 ingenii
772 1751 805 1799 et
823 1735 900 1800 artis
913 1733 1101 1805 temerarios
1119 1734 1210 1818 quasi
1225 1753 1286 1796 cu.⁴

246 1813 345 1884 mites
358 1821 476 1898 dixere,
498 1839 530 1884 et
544 1844 699 1906 persaepe
713 1821 863 1896 unicum,
885 1821 942 1906 qui
956 1820 1023 1893 illo,
1046 1821 1135 1904 quod
1150 1819 1287 1904 opinan.

247 1919 320 1982 tur,
342 1903 425 1970 vitio
447 1908 588 1981 laboret,
611 1929 763 1992 magnam
784 1905 924 1972 aliorum
947 1921 1088 1992 stragem
1108 1925 1220 1969 secum
1244 1903 1288 1968 att

216 2005 218 2013 ⁴
250 1975 587 2070 inleritumtrahere,
611 1993 707 2059 facile
728 1989 900 2054 intellectu
916 2005 975 2054 est.
1022 1989 1129 2053 Veluti
1155 1989 1286 2074 querela

251 2071 334 2152 ista,
365 2083 427 2158 qua¹
457 2075 578 2146 Briseis
605 2075 743 2142 Achillei
767 2075 916 2145 restituta
938 2077 1125 2144 Patroclum
1147 2071 1287 2138 interlel

249 2173 342 2222 ctum
355 2159 565 2245 prosequitur
581 2163 618 2232 ll.
635 2165 755 2247 Rhaps.
772 2191 798 2235 a.
820 2161 997 2250 ἠδη-502.
1036 2163 1139 2246 Quae,
1155 2158 1225 2222 sive
1240 2156 1286 2220 al.

250 2241 399 2316 iectuum
419 2245 608 2326 veritatem,
630 2247 701 2310 sive
717 2262 850 2310 naturae
865 2243 1130 2316 convenientiam
1148 2259 1286 2329 spectes,

249 2325 373 2413 insigni
387 2346 455 2395 arte
469 2347 565 2416 atque
583 2331 721 2418 egregia,
743 2353 845 2418 eaque
861 2330 1038 2402 Homerico
1053 2351 1109 2394 ore
1125 2327 1289 2415 dignissi-

211 2485 213 2496 ,
248 2411 527 2501 massimplicitate
545 2417 727 2511 composita
745 2433 804 2497 est,
822 2432 948 2487 etcum
963 2411 1289 2488 verissimaScholia·

249 2511 318 2563 stae
332 2501 435 2586 Apoll.
452 2501 561 2568 Rhod.
575 2503 616 2570 acl
638 2507 755 2586 Argon.
770 2507 793 2582 1,
816 2525 848 2570 v.
865 2504 938 2588 247.
954 2499 1180 2567 observatione
1202 2511 1290 2562 con*

251 2579 351 2669 gruit·
395 2587 510 2670 Neque
527 2585 611 2650 illud
628 2585 885 2655 additamentum
903 2611 937 2652 v.
960 2587 1030 2653 ὕοι.
1057 2607 1088 2654 2.
1110 2618 1129 2636 -ι
1149 2625 1166 2644 ÷
1187 2588 1239 2650 siri
1253 2587 1291 2659 δὲ

251 2665 431 2754 στενάχοντο
461 2676 600 2759 praeisse
621 2670 800 2758 Πάτροκλον
824 2671 999 2758 πρόφασιν,
1030 2673 1117 2758 epeia
1140 2669 1167 2736 δ’
1185 2669 1288 2740 αὐτῶν
1336 2705 1338 2710 ·

250 2747 331 2830 arride'
352 2753 462 2834 ἑκάστη
468 2807 479 2837 ,
502 2777 562 2820 noa
580 2755 745 2824 offendere
763 2773 888 2839 potest,
909 2779 1012 2844 quum
1029 2759 1111 2820 haec
1124 2753 1193 2840 ipsa
1212 2753 1290 2818 sin..

169 2854 170 2858 ’
252 2857 366 2903 cerum
382 2839 587 2926 antiquitatis
610 2844 755 2912 colorem
778 2843 870 2906 nullo
886 2843 964 2907 fuco
980 2839 1209 2908 insimulatum
1224 2859 1290 2902 no·-

249 2919 301 2985 liia
326 2925 562 2999 demonstrent,
606 2931 715 3013 Quem
732 2925 822 2995 enim
841 2927 926 3013 fugit
941 2907 1059 3001 similis
1075 2925 1147 3004 illa,
1169 2923 1197 2987 si
1217 2945 1292 2990 rem

252 3027 431 3100 compares,
454 3011 489 3074 in
501 3011 673 3080 Diomedis
691 3029 723 3076 et
739 3011 853 3083 Glauci
870 3034 1050 3100 congressu
1062 3013 1186 3109 adjpcta
1202 3010 1291 3072 clau.

252 3095 416 3174 aula-114,
436 3095 571 3162 inl-e.
616 3096 779 3184 Quinem
798 3097 848 3167 his
863 3095 1086 3182 indignantur,
1108 3094 1160 3175 ris,
1183 3115 1293 3180 quau·

251 3178 440 3244 tumvis‘de
462 3187 607 3248 Homero
624 3203 663 3250 ex
685 3181 797 3249 aet-atis
815 3205 893 3248 suae
909 3183 1019 3254 indole
1042 3197 1139 3275 atque
1162 3177 1292 3244 rationo

253 3263 446 3345 explicando
462 3269 646 3352 disputent,
668 3267 781 3338 aetatis
802 3266 892 3334 illius
908 3291 1018 3334 veram
1034 3266 1180 3332 indolem
1201 3285 1292 3328 non.

195 3367 198 3371 ·
256 3345 336 3408 dum
353 3348 430 3412 satis
443 3349 737 3435 intellectam‘esse,
755 3351 850 3416 facile
866 3351 949 3421 mihi
964 3373 1157 3440 persuasum
1171 3351 1290 3422 habeo.

253 3430 421 3504 Praeterea,
445 3435 591 3502 versibus
613 3437 721 3520 hisce,
743 3435 840 3507 multi
862 3459 939 3504 eum
959 3435 1134 3522 scriptores
1157 3457 1213 3502 eoa
1235 3435 1291 3502 vel

255 3521 519 3600 memoraverim,
541 3525 594 3585 vel
609 3522 768 3590 imitando
788 3521 1014 3608 expresserint,
1036 3520 1212 3590 auctoritas
1229 3541 1292 3588 ex*

255 3611 347 3666 lerna
369 3603 505 3676 accedit.
548 3609 759 3678 Plutarchum
781 3609 915 3694 quidem
935 3611 1042 3690 Heyn.
1064 3607 1138 3672 vot
1160 3607 1233 3673 VII.
1255 3627 1290 3690 p.

257 3681 331 3782 ⁶2²·
352 3683 559 3763 ad‚duxit,'at
578 3693 667 3776 idern
684 3693 770 3758 valet
793 3695 833 3758 de
852 3693 1023 3764 Heliodor.
1045 3691 1086 3760 itt
1107 3689 1222 3759 detuio
1246 3689 1293 3758 ic.

256 3771 343 3847 Libr,
359 3773 385 3838 I.
403 3775 439 3839 C.
459 3772 507 3842 18.
525 3774 637 3844 richill.
648 3781 727 3848 Tac.
740 3783 779 3861 Il,
795 3778 846 3850 54.
865 3777 1034 3848 Chariton.
1049 3777 1140 3858 VIII,
1156 3780 1188 3844 5.
1223 3715 1299 3846 iter.

257 3869 366 3944 autem
384 3879 459 3920 cum
481 3861 544 3940 ita,
568 3877 606 3923 ut
623 3859 705 3942 dixi,
729 3887 762 3926 se
780 3866 914 3941 habeat,
935 3879 1039 3933 totam
1057 3861 1148 3928 illam
1165 3857 1293 3926 doctri·

256 3961 334 4010 uam
348 3943 387 4004 de
403 3943 607 4027 digammatis
623 3947 767 4030 uestigiia
785 3951 871 4034 apud
887 3954 1070 4020 Humerum
1088 3942 1296 4034 indagandis,

257 4045 363 4114 eoque
385 4027 506 4094 iterum
519 4030 736 4115 restituendo,
761 4032 877 4108 critico
896 4033 1055 4126 provide,
1077 4032 1190 4124 omnip
1213 4029 1294 4099 dili..-
