2854 4794
171 373 219 440 IN
240 358 478 438 Housmcts
512 365 772 438 clamamus
797 311 1116 440 attonuc‘rtottu
1138 367 1193 484 15ι

124 541 276 606 diusum
292 527 444 606 veisibns
457 533 705 620 adumbrarem,
727 539 764 604 iu
779 531 896 608 eo‘rum
920 545 1072 608 acerbam
1086 535 1179 608 iritu-
1199 615 1202 622 .

121 625 330 715 perationem
355 625 459 690 nimia
476 625 610 690 licentia
626 628 755 714 evagati
770 625 987 708 incurrerent.
1032 631 1108 692 Huc
1126 650 1179 696 ac.

122 711 233 793 cedit,
256 712 346 798 quod
362 713 525 796 praeclara
544 709 849 796 antiquissimorum
864 721 1037 798 poetarum
1052 736 1179 781 monu-

15 819 16 826 ‘
122 813 239 862 menta
262 796 544 877 florentibusjnrn
569 799 772 862 Graecorum
795 800 912 880 rebus,
941 813 975 862 et
996 797 1110 884 lingua
1135 801 1177 867 ad
1262 801 1265 811 '

122 881 225 950 altius
238 879 782 968 maturitatisfastigium.adducta
805 883 941 946 collecta
956 899 1049 962 sunt,
1072 898 1176 948 etnoa

68 1039 71 1050 ‚
123 966 615 1053 eainsuperGrarnmaticorurn
624 967 957 1054 elegantissimorum,
974 967 1176 1054 quiomnem

128 1053 290 1117 duritiem
304 1051 482 1138 laevigare,
512 1071 627 1116 ornnes
647 1073 771 1116 naevos
788 1055 972 1138 abstergere
986 1053 1174 1132 studebant,

121 1159 204 1202 cura
215 1154 249 1201 et
260 1156 357 1224 opera
372 1137 535 1224 perpolita
550 1131 721 1202 babemus
731 1136 746 1145 ‘
756 1131 859 1202 Unde
875 1155 1019 1224 apparet,
1041 1140 1175 1206 nullum
1264 1167 1270 1184 ·

118 1223 204 1288 huic
218 1221 401 1308 quaestioni
416 1222 651 1286 detrimentum
661 1243 701 1286 eo
712 1222 821 1288 afferri
834 1244 941 1310 posse,
965 1226 1065 1312 quod,
1088 1245 1174 1310 quac

118 1308 242 1375 Iliados
259 1322 291 1371 et
308 1309 471 1388 Odysseae
485 1299 593 1394 par'tes
615 1307 834 1402 recentiores,
864 1331 947 1395 quae
973 1309 1174 1376 vetustiores

120 1395 209 1475 sint,
231 1393 358 1478 liquido
378 1415 447 1456 non
470 1408 617 1469 constat;
648 1415 726 1456 cum
749 1410 882 1458 certum
901 1396 1174 1480 exploratumque

119 1479 186 1555 sit,
207 1495 386 1564 utrumque
404 1487 523 1564 poema
537 1487 607 1542 es'se
628 1489 816 1558 vetustum,
844 1495 1024 1577 utrumque
1048 1501 1173 1544 eorun-

120 1562 507 1632 demGramnraticorum
523 1580 556 1627 et
573 1562 763 1628 criticorum
783 1584 882 1648 opera
906 1582 1116 1650 castigatum,
1138 1579 1173 1628 et

118 1651 246 1728 forma,
287 1671 353 1736 qua
374 1648 557 1722 etiamnum
581 1663 753 1732 tantopere
777 1649 923 1733 placeat,
960 1649 1173 1718 instructum.

119 1739 214 1821 Quae
229 1756 307 1800 curn
324 1734 369 1796 ite
387 1733 472 1813 sint,
501 1733 578 1822 licet
599 1731 816 1819 perdifficile,
839 1749 1035 1798 nontamen
1054 1735 1173 1802 inutile

120 1819 200 1900 erit,
230 1818 412 1884 accuratius
434 1817 619 1906 inquirere,
651 1818 771 1903 quibus
795 1817 1063 1900 conditionibus,
1095 1817 1173 1906 qui-

118 1908 224 1970 busve
241 1905 278 1968 in
301 1904 452 1968 formulis
469 1919 502 1968 et
521 1905 630 1968 verbis
656 1907 823 1968 Homerus
845 1919 879 1968 et
903 1903 1172 1982 Hesiodusbre..

118 2013 197 2054 vem
216 1993 372 2073 syllabam
389 1990 425 2052 in
439 1989 505 2054 arsi
520 1989 669 2075 ›positam
685 1989 868 2075 producere
883 1987 946 2052 sibi
971 2010 1171 2056 concessum

116 2076 348 2160 judicaverint.
403 2075 468 2140 Cui
499 2075 633 2161 quidem
664 2072 966 2162 vetustissimorum
995 2086 1171 2160 poetarum
1215 2085 1219 2092 '
1274 2093 1278 2106 ’

115 2162 195 2227 usui
220 2164 313 2226 locos
335 2161 447 2224 statim
466 2159 693 2246 recentiorum
703 2179 776 2238 eos,
801 2159 858 2246 qui
873 2159 1064 2226 'Hermanni
1089 2159 1171 2226 dili·
1194 2165 1208 2176 ''

114 2247 267 2338 gentiam
283 2245 488 2333 effugerunt,
510 2247 653 2312 breviter
670 2243 916 2318 subnectamus.
961 2259 966 2264 '

490 2519 492 2524 ,
589 2435 620 2522 s.
662 2453 694 2525 2·-

203 2591 354 2659 Primum
364 2606 475 2656 autem
490 2587 677 2676 intelligere
691 2611 749 2674 par
758 2608 817 2670 est,
839 2591 1095 2677 productionem
1101 2595 1170 2676 ryl-.

113 2677 266 2745 labarum
273 2679 424 2742 brevium
435 2697 586 2740 caesuras
604 2674 640 2738 vi
658 2675 810 2760 ellectum
825 2676 967 2764 ,triylicis
982 2702 1052 2744 esse
1068 2701 1165 2764 gene·

102 2766 169 2833 tis.
215 2763 416 2829 Producitur.
427 2761 515 2824 enirn
534 2762 588 2824 vel
605 2763 746 2843 syllaba,
776 2763 917 2849 quaein
939 2766 1076 2828 brevem
1098 2764 1186 2839 tet-{
1218 2841 1219 2851 ἵ

114 2851 265 2918 minatur
280 2850 445 2921 vocalem,
468 2839 657 2930 insequenti
674 2869 758 2912 voce
777 2871 794 2910 a
818 2867 965 2912 consona
976 2848 1182 2924 inchoante,·

114 2939 168 3002 vel
184 2955 270 3036 qnae
295 2931 331 2996 in
354 2933 419 2996 fine
444 2951 625 2998 consonam
642 2934 740 2998 habet
757 2935 892 2995 brevem
915 2948 990 2996 ante
1016 2933 1168 3000 vocalem

136 3043 267 3087 roxtme
285 3022 512 3102 subjunctam,
536 3019 590 3081 vel
607 3016 732 3080 vocalis
748 3016 856 3080 brevia
874 3015 911 3078 in
928 3015 1021 3080 verbi
1036 3019 1166 3082 clausu·

112 3047 145 3172 la
159 3107 281 3194 posita,
302 3125 384 3166 voce
401 3103 547 3188 proxima
560 3101 684 3190 pariter
697 3101 838 3176 avocali
861 3096 1021 3168 ordiente.
1065 3103 1166 3190 Quod

112 3192 337 3258 novissimum
355 3188 613 3274 productionnm
627 3209 733 3276 genus
751 3207 790 3250 ut
805 3185 842 3250 in
857 3185 1165 3272 antiquissimorum

111 3288 287 3368 poetarum
309 3273 517 3338 cannirribus.
534 3277 608 3336 raro
632 3270 854 3357 conspicitur,
890 3272 934 3336 it'a
960 3295 978 3338 e
1001 3273 1166 3358 seriorum

112 3365 273 3450 operibns
294 3373 426 3446 prorsus
446 3360 515 3422 fere
536 3358 673 3420 exsulat
723 3361 918 3445 Exemplum
943 3365 1011 3438 ejus
1032 3357 1164 3450 generis

112 3465 164 3514 est
192 3453 228 3514 ll.
258 3474 283 3521 ε,
318 3447 389 3528 576.
418 3445 499 3512 ἔνθα
528 3448 713 3526 Πυλαμενεῆι
738 3449 849 3524 ’ἑλέτην
871 3445 1037 3512 titularios
1055 3447 1164 3530 ”Annii

110 3537 324 3602 Monertdnm
341 3548 453 3597 autern
468 3546 517 3594 est
533 3527 645 3594 atatim
660 3528 696 3592 in
714 3529 824 3592 fronte
847 3533 945 3614 hujus
965 3530 1164 3616 disputatio«

110 3619 173 3697 nis,
181 3643 236 3684 me
245 3622 288 3680 ob
299 3615 440 3679 rationes
449 3637 575 3704 graves,
590 3635 669 3700 quas
677 3619 888 3678 Hermannus
905 3619 945 3676 de
963 3618 1181 3702 errrendrat.¹
1200 3663 1207 3669 -

111 3697 258 3770 Gran'rm.
269 3707 382 3768 Graec.
397 3705 476 3786 cap.
493 3705 564 3764 V.et
572 3703 698 3766 Censor
708 3701 758 3764 ed.
768 3701 867 3764 Hom.
877 3705 981 3781 Heyn.
998 3700 1033 3762 in
1046 3705 1161 3785 Ephe-

110 3788 399 3855 meridib.·literar.
422 3786 500 3852 anni
519 3783 607 3852 1803.
636 3789 675 3851 N.
696 3785 764 3851 126.
788 3775 971 3848 attulerunt
995 3786 1163 3877 (quibua-
1233 3795 1237 3808 '
1285 3781 1290 3792 “

110 3873 351 3942 curnWolfiua
368 3875 492 3957 Proleg.
515 3881 591 3936 nov.¹
607 3874 706 3937 Hom.
722 3875 771 3936 ed.
788 3895 819 3955 p.
841 3871 891 3939 65.
912 3874 1047 3936 ¹Censor
1070 3879 1160 3951 ejus·
1200 3883 1204 3886 ·
1283 3885 1285 3890 ·

112 3962 187 4024 dem
206 3959 283 4024 libri
299 3958 339 4021 in·
351 3956 594 4046 Ephemeridib.
605 3956 834 4020 'liter..lenens.
852 3977 903 4022 aar.
923 3955 1012 4045 1809
1034 3960 1073 4022 N.
1085 3955 1158 4034 245,

108 4063 143 4112 et
165 4043 337 4114 lucobsiur
356 4044 394 4107 in
413 4044 549 4132 praelat
577 4041 751 4130 Antholog,
774 4039 911 4118 edition.
931 4040 1103 4115 noruaim.
1124 4063 1159 4129 p.
