<?xml version="1.0" encoding="UTF-8"?>
<!DOCTYPE html PUBLIC "-//W3C//DTD XHTML 1.0 Transitional//EN"
    "http://www.w3.org/TR/xhtml1/DTD/xhtml1-transitional.dtd">
<html xmlns="http://www.w3.org/1999/xhtml" xml:lang="en" lang="en">
 <head>
  <title>
</title>
<meta http-equiv="Content-Type" content="text/html;charset=utf-8" />
  <meta name='ocr-system' content='tesseract 3.04.00' />
  <meta name='ocr-capabilities' content='ocr_page ocr_carea ocr_par ocr_line ocrx_word'/>
</head>
<body>
  <div class='ocr_page' id='page_1' title='image "./deversugraecoru00friegoog/deversugraecoru00friegoog_0299.png"; bbox 0 0 2830 4790; ppageno 0'>
   <div class='ocr_carea' id='block_1_1' title="bbox 233 355 966 460">
    <p class='ocr_par' dir='ltr' id='par_1_1' title="bbox 233 355 966 460">
     <span class='ocr_line' id='line_1_1' title="bbox 233 355 966 460; baseline -0.005 -22"><span class='ocrx_word' id='word_1_1' title='bbox 233 370 296 460; x_wconf 74' lang='lat'>298</span> <span class='ocrx_word' id='word_1_2' title='bbox 373 425 377 438; x_wconf 87' lang='lat'>.</span> <span class='ocrx_word' id='word_1_3' title='bbox 545 368 605 434; x_wconf 82' lang='lat' dir='ltr'>ns</span> <span class='ocrx_word' id='word_1_4' title='bbox 625 355 966 434; x_wconf 75' lang='lat' dir='ltr'>Munu‘srtcsss</span> 
     </span>
    </p>
   </div>
   <div class='ocr_carea' id='block_1_2' title="bbox 95 535 1402 1911">
    <p class='ocr_par' dir='ltr' id='par_1_2' title="bbox 235 535 1283 628">
     <span class='ocr_line' id='line_1_2' title="bbox 235 535 1283 628; baseline -0.007 -19"><span class='ocrx_word' id='word_1_5' title='bbox 235 547 285 610; x_wconf 90' lang='lat' dir='ltr'>Ita</span> <span class='ocrx_word' id='word_1_6' title='bbox 299 541 362 604; x_wconf 85' lang='lat' dir='ltr'>Mt.</span> <span class='ocrx_word' id='word_1_7' title='bbox 379 539 495 604; x_wconf 85' lang='lat' dir='ltr'>Venet.</span> <span class='ocrx_word' id='word_1_8' title='bbox 514 554 548 604; x_wconf 90' lang='lat' dir='ltr'>et</span> <span class='ocrx_word' id='word_1_9' title='bbox 565 543 655 606; x_wconf 88' lang='lat' dir='ltr'>Med.</span> <span class='ocrx_word' id='word_1_10' title='bbox 672 563 722 628; x_wconf 89' lang='lat' dir='ltr'>ap.</span> <span class='ocrx_word' id='word_1_11' title='bbox 744 537 877 609; x_wconf 68' lang='lat' dir='ltr'>Ruunt.</span> <span class='ocrx_word' id='word_1_12' title='bbox 894 541 935 601; x_wconf 88' lang='lat' dir='ltr'>sd</span> <span class='ocrx_word' id='word_1_13' title='bbox 951 541 985 602; x_wconf 90' lang='lat' dir='ltr'>h.</span> <span class='ocrx_word' id='word_1_14' title='bbox 999 537 1042 617; x_wconf 92' lang='grc'>1.,</span> <span class='ocrx_word' id='word_1_15' title='bbox 1063 535 1131 623; x_wconf 81' lang='lat' dir='ltr'>qui.</span> <span class='ocrx_word' id='word_1_16' title='bbox 1150 551 1283 602; x_wconf 78' lang='lat' dir='ltr'>‘caetera</span> 
     </span>
    </p>

    <p class='ocr_par' dir='ltr' id='par_1_3' title="bbox 95 623 1401 1308">
     <span class='ocr_line' id='line_1_3' title="bbox 131 623 1401 714; baseline -0.006 -22"><span class='ocrx_word' id='word_1_17' title='bbox 131 639 133 648; x_wconf 89' lang='grc'><strong>’</strong></span> <span class='ocrx_word' id='word_1_18' title='bbox 213 628 361 692; x_wconf 70' lang='lat' dir='ltr'>intacta</span> <span class='ocrx_word' id='word_1_19' title='bbox 377 626 575 710; x_wconf 85' lang='lat' dir='ltr'>relinquens,</span> <span class='ocrx_word' id='word_1_20' title='bbox 598 625 790 713; x_wconf 76' lang='lat' dir='ltr'>particulam</span> <span class='ocrx_word' id='word_1_21' title='bbox 806 625 832 694; x_wconf 72' lang='lat' dir='ltr'>d</span> <span class='ocrx_word' id='word_1_22' title='bbox 847 623 1043 714; x_wconf 77' lang='lat' dir='ltr'>ejiciendam</span> <span class='ocrx_word' id='word_1_23' title='bbox 1061 639 1180 688; x_wconf 89' lang='lat' dir='ltr'>censet.</span> <span class='ocrx_word' id='word_1_24' title='bbox 1204 627 1285 686; x_wconf 82' lang='lat' dir='ltr'>Ser·</span> <span class='ocrx_word' id='word_1_25' title='bbox 1400 625 1401 636; x_wconf 56' lang='lat'>¹</span> 
     </span>
     <span class='ocr_line' id='line_1_4' title="bbox 140 707 1284 797; baseline -0.001 -21"><span class='ocrx_word' id='word_1_26' title='bbox 140 777 146 784; x_wconf 84' lang='grc'><strong><em>,</em></strong></span> <span class='ocrx_word' id='word_1_27' title='bbox 238 711 309 776; x_wconf 81' lang='lat' dir='ltr'>vari</span> <span class='ocrx_word' id='word_1_28' title='bbox 325 711 462 797; x_wconf 84' lang='lat' dir='ltr'>poterit,</span> <span class='ocrx_word' id='word_1_29' title='bbox 490 709 518 772; x_wconf 91' lang='lat' dir='ltr'>si</span> <span class='ocrx_word' id='word_1_30' title='bbox 533 715 597 774; x_wconf 91' lang='lat' dir='ltr'>sub</span> <span class='ocrx_word' id='word_1_31' title='bbox 610 733 723 775; x_wconf 80' lang='lat' dir='ltr'>versus</span> <span class='ocrx_word' id='word_1_32' title='bbox 738 711 874 774; x_wconf 88' lang='lat' dir='ltr'>initium</span> <span class='ocrx_word' id='word_1_33' title='bbox 895 707 1062 794; x_wconf 71' lang='lat' dir='ltr'>scripseris</span> <span class='ocrx_word' id='word_1_34' title='bbox 1081 709 1171 788; x_wconf 62' lang='lat' dir='ltr'>’osor</span> <span class='ocrx_word' id='word_1_35' title='bbox 1191 709 1284 794; x_wconf 76' lang='lat' dir='ltr'>&#39;Apl-</span> 
     </span>
     <span class='ocr_line' id='line_1_5' title="bbox 95 793 1284 896; baseline -0.006 -31"><span class='ocrx_word' id='word_1_36' title='bbox 95 863 102 880; x_wconf 73' lang='grc'>,</span> <span class='ocrx_word' id='word_1_37' title='bbox 239 823 375 880; x_wconf 70' lang='grc' dir='ltr'>στιπηον</span> <span class='ocrx_word' id='word_1_38' title='bbox 391 796 491 896; x_wconf 73' lang='lat' dir='ltr'>idque</span> <span class='ocrx_word' id='word_1_39' title='bbox 507 817 583 858; x_wconf 88' lang='lat' dir='ltr'>cum</span> <span class='ocrx_word' id='word_1_40' title='bbox 601 797 868 860; x_wconf 75' lang='lat' dir='ltr'>antecedentibus</span> <span class='ocrx_word' id='word_1_41' title='bbox 884 793 1100 880; x_wconf 82' lang='lat' dir='ltr'>copulaveris.</span> <span class='ocrx_word' id='word_1_42' title='bbox 1143 794 1284 878; x_wconf 85' lang='lat' dir='ltr'>Reliqua</span> 
     </span>
     <span class='ocr_line' id='line_1_6' title="bbox 155 879 1284 968; baseline -0.006 -23"><span class='ocrx_word' id='word_1_43' title='bbox 155 891 159 900; x_wconf 82' lang='grc'><strong>’</strong></span> <span class='ocrx_word' id='word_1_44' title='bbox 241 899 282 948; x_wconf 87' lang='lat' dir='ltr'>ut</span> <span class='ocrx_word' id='word_1_45' title='bbox 294 881 504 968; x_wconf 74' lang='lat' dir='ltr'>probabiliter</span> <span class='ocrx_word' id='word_1_46' title='bbox 516 899 689 960; x_wconf 88' lang='lat' dir='ltr'>sanentur,</span> <span class='ocrx_word' id='word_1_47' title='bbox 718 881 898 968; x_wconf 88' lang='lat' dir='ltr'>suspicatus</span> <span class='ocrx_word' id='word_1_48' title='bbox 914 901 987 942; x_wconf 89' lang='lat' dir='ltr'>sum</span> <span class='ocrx_word' id='word_1_49' title='bbox 1003 879 1074 948; x_wconf 74' lang='grc' dir='ltr'>οὐδὲ</span> <span class='ocrx_word' id='word_1_50' title='bbox 1092 884 1194 966; x_wconf 71' lang='grc' dir='ltr'>μένων</span> <span class='ocrx_word' id='word_1_51' title='bbox 1217 881 1284 959; x_wconf 63' lang='lat' dir='ltr'>igr.</span> 
     </span>
     <span class='ocr_line' id='line_1_7' title="bbox 244 963 1284 1066; baseline -0.007 -31"><span class='ocrx_word' id='word_1_52' title='bbox 244 967 360 1054; x_wconf 73' lang='lat' dir='ltr'>po&#39;pnns</span> <span class='ocrx_word' id='word_1_53' title='bbox 381 971 466 1066; x_wconf 64' lang='lat' dir='ltr'>pilos,</span> <span class='ocrx_word' id='word_1_54' title='bbox 494 991 552 1030; x_wconf 85' lang='lat' dir='ltr'>nee</span> <span class='ocrx_word' id='word_1_55' title='bbox 575 991 708 1032; x_wconf 84' lang='lat' dir='ltr'>manens</span> <span class='ocrx_word' id='word_1_56' title='bbox 727 974 834 1031; x_wconf 79' lang='lat' dir='ltr'>vitam</span> <span class='ocrx_word' id='word_1_57' title='bbox 860 965 1019 1048; x_wconf 75' lang='lat' dir='ltr'>pertulit,</span> <span class='ocrx_word' id='word_1_58' title='bbox 1040 969 1071 1030; x_wconf 88' lang='lat' dir='ltr'>h.</span> <span class='ocrx_word' id='word_1_59' title='bbox 1089 989 1117 1031; x_wconf 91' lang='lat' dir='ltr'>e.</span> <span class='ocrx_word' id='word_1_60' title='bbox 1133 987 1196 1029; x_wconf 88' lang='lat' dir='ltr'>nec</span> <span class='ocrx_word' id='word_1_61' title='bbox 1210 963 1284 1028; x_wconf 87' lang='lat' dir='ltr'>sine</span> 
     </span>
     <span class='ocr_line' id='line_1_8' title="bbox 243 1051 1286 1142; baseline -0.006 -22"><span class='ocrx_word' id='word_1_62' title='bbox 243 1052 344 1120; x_wconf 79' lang='lat' dir='ltr'>Laide</span> <span class='ocrx_word' id='word_1_63' title='bbox 358 1067 459 1116; x_wconf 80' lang='lat' dir='ltr'>vatam</span> <span class='ocrx_word' id='word_1_64' title='bbox 474 1051 536 1118; x_wconf 88' lang='lat' dir='ltr'>sibi</span> <span class='ocrx_word' id='word_1_65' title='bbox 560 1075 629 1116; x_wconf 88' lang='lat' dir='ltr'>osse</span> <span class='ocrx_word' id='word_1_66' title='bbox 641 1054 769 1142; x_wconf 89' lang='lat' dir='ltr'>putavit</span> <span class='ocrx_word' id='word_1_67' title='bbox 787 1053 937 1128; x_wconf 88' lang='lat' dir='ltr'>vitalem;</span> <span class='ocrx_word' id='word_1_68' title='bbox 961 1051 996 1114; x_wconf 92' lang='lat' dir='ltr'>in</span> <span class='ocrx_word' id='word_1_69' title='bbox 1012 1073 1077 1138; x_wconf 88' lang='lat' dir='ltr'>quo</span> <span class='ocrx_word' id='word_1_70' title='bbox 1096 1067 1222 1123; x_wconf 90' lang='lat' dir='ltr'>tamen.</span> <span class='ocrx_word' id='word_1_71' title='bbox 1247 1067 1286 1114; x_wconf 89' lang='lat' dir='ltr'>ut</span> 
     </span>
     <span class='ocr_line' id='line_1_9' title="bbox 244 1135 1286 1225; baseline 0 -25"><span class='ocrx_word' id='word_1_72' title='bbox 244 1159 361 1218; x_wconf 68' lang='lat' dir='ltr'>perum</span> <span class='ocrx_word' id='word_1_73' title='bbox 378 1137 488 1220; x_wconf 85' lang='lat' dir='ltr'>fatear,</span> <span class='ocrx_word' id='word_1_74' title='bbox 512 1137 614 1225; x_wconf 84' lang='lat' dir='ltr'>magis</span> <span class='ocrx_word' id='word_1_75' title='bbox 630 1139 710 1202; x_wconf 88' lang='lat' dir='ltr'>mibi</span> <span class='ocrx_word' id='word_1_76' title='bbox 724 1141 829 1222; x_wconf 87' lang='lat' dir='ltr'>placet</span> <span class='ocrx_word' id='word_1_77' title='bbox 842 1135 1022 1217; x_wconf 88' lang='lat' dir='ltr'>sententia,</span> <span class='ocrx_word' id='word_1_78' title='bbox 1038 1137 1143 1222; x_wconf 71' lang='lat' dir='ltr'>‘quam</span> <span class='ocrx_word' id='word_1_79' title='bbox 1161 1135 1286 1200; x_wconf 55' lang='lat' dir='ltr'>orarios</span> 
     </span>
     <span class='ocr_line' id='line_1_10' title="bbox 244 1221 1285 1308; baseline 0.001 -21"><span class='ocrx_word' id='word_1_80' title='bbox 244 1221 298 1287; x_wconf 91' lang='lat' dir='ltr'>nis</span> <span class='ocrx_word' id='word_1_81' title='bbox 313 1225 427 1286; x_wconf 87' lang='lat' dir='ltr'>forma.</span> <span class='ocrx_word' id='word_1_82' title='bbox 450 1225 558 1288; x_wconf 90' lang='lat' dir='ltr'>Possis</span> <span class='ocrx_word' id='word_1_83' title='bbox 571 1226 669 1288; x_wconf 90' lang='lat' dir='ltr'>etiam</span> <span class='ocrx_word' id='word_1_84' title='bbox 685 1222 748 1292; x_wconf 72' lang='lat' dir='ltr'>oo’d</span> <span class='ocrx_word' id='word_1_85' title='bbox 762 1221 882 1308; x_wconf 72' lang='grc' dir='ltr'><em>ἄνέμων</em></span> <span class='ocrx_word' id='word_1_86' title='bbox 896 1228 1066 1308; x_wconf 56' lang='lat' dir='ltr'>&amp;beodries</span> <span class='ocrx_word' id='word_1_87' title='bbox 1079 1229 1164 1306; x_wconf 75' lang='grc' dir='ltr'><strong>βίαν.</strong></span> <span class='ocrx_word' id='word_1_88' title='bbox 1188 1227 1285 1288; x_wconf 84' lang='lat' dir='ltr'>Nam·</span> 
     </span>
    </p>

    <p class='ocr_par' dir='ltr' id='par_1_4' title="bbox 206 1307 1400 1482">
     <span class='ocr_line' id='line_1_11' title="bbox 206 1307 1400 1396; baseline 0.001 -24"><span class='ocrx_word' id='word_1_89' title='bbox 206 1328 209 1336; x_wconf 72' lang='lat'><strong><em>¹</em></strong></span> <span class='ocrx_word' id='word_1_90' title='bbox 233 1331 309 1395; x_wconf 67' lang='lat' dir='ltr'>‘que</span> <span class='ocrx_word' id='word_1_91' title='bbox 324 1307 362 1386; x_wconf 85' lang='lat' dir='ltr'>si,</span> <span class='ocrx_word' id='word_1_92' title='bbox 384 1329 467 1394; x_wconf 86' lang='lat' dir='ltr'>quae</span> <span class='ocrx_word' id='word_1_93' title='bbox 482 1309 577 1394; x_wconf 85' lang='lat' dir='ltr'>Diog.</span> <span class='ocrx_word' id='word_1_94' title='bbox 594 1315 696 1374; x_wconf 82' lang='lat' dir='ltr'>Laert.</span> <span class='ocrx_word' id='word_1_95' title='bbox 715 1315 752 1392; x_wconf 86' lang='lat' dir='ltr'>ll,</span> <span class='ocrx_word' id='word_1_96' title='bbox 776 1333 824 1396; x_wconf 90' lang='lat'>71.</span> <span class='ocrx_word' id='word_1_97' title='bbox 847 1325 879 1372; x_wconf 91' lang='lat' dir='ltr'>et</span> <span class='ocrx_word' id='word_1_98' title='bbox 904 1308 1022 1374; x_wconf 84' lang='lat' dir='ltr'>Aelian.</span> <span class='ocrx_word' id='word_1_99' title='bbox 1045 1313 1081 1373; x_wconf 89' lang='lat' dir='ltr'>V.</span> <span class='ocrx_word' id='word_1_100' title='bbox 1098 1311 1137 1372; x_wconf 80' lang='lat' dir='ltr'>tt.</span> <span class='ocrx_word' id='word_1_101' title='bbox 1155 1313 1211 1384; x_wconf 85' lang='lat' dir='ltr'>tx,</span> <span class='ocrx_word' id='word_1_102' title='bbox 1233 1317 1308 1373; x_wconf 80' lang='lat'>20.&#39;</span> <span class='ocrx_word' id='word_1_103' title='bbox 1395 1383 1400 1392; x_wconf 27' lang='grc' dir='ltr'>Ι</span> 
     </span>
     <span class='ocr_line' id='line_1_12' title="bbox 242 1392 1287 1482; baseline 0.001 -25"><span class='ocrx_word' id='word_1_104' title='bbox 242 1395 378 1458; x_wconf 84' lang='lat' dir='ltr'>tradunt</span> <span class='ocrx_word' id='word_1_105' title='bbox 404 1396 443 1458; x_wconf 90' lang='lat' dir='ltr'>de</span> <span class='ocrx_word' id='word_1_106' title='bbox 461 1393 613 1482; x_wconf 77' lang='lat' dir='ltr'>Aristippi</span> <span class='ocrx_word' id='word_1_107' title='bbox 638 1395 672 1458; x_wconf 93' lang='lat' dir='ltr'>in</span> <span class='ocrx_word' id='word_1_108' title='bbox 693 1397 854 1458; x_wconf 79' lang='lat' dir='ltr'>isthmum</span> <span class='ocrx_word' id='word_1_109' title='bbox 879 1392 1103 1481; x_wconf 81' lang='lat' dir='ltr'>nauigatione.</span> <span class='ocrx_word' id='word_1_110' title='bbox 1134 1411 1222 1458; x_wconf 87' lang='lat' dir='ltr'>recte</span> <span class='ocrx_word' id='word_1_111' title='bbox 1245 1396 1287 1458; x_wconf 92' lang='lat' dir='ltr'>ad</span> 
     </span>
    </p>

    <p class='ocr_par' dir='ltr' id='par_1_5' title="bbox 243 1475 1402 1568">
     <span class='ocr_line' id='line_1_13' title="bbox 243 1475 1402 1568; baseline 0.001 -25"><span class='ocrx_word' id='word_1_112' title='bbox 243 1481 310 1543; x_wconf 86' lang='lat' dir='ltr'>hoc</span> <span class='ocrx_word' id='word_1_113' title='bbox 333 1475 441 1546; x_wconf 82' lang='lat' dir='ltr'>Laidis</span> <span class='ocrx_word' id='word_1_114' title='bbox 466 1478 621 1544; x_wconf 82' lang='lat' dir='ltr'>visendae</span> <span class='ocrx_word' id='word_1_115' title='bbox 646 1479 747 1568; x_wconf 85' lang='lat' dir='ltr'>gratia</span> <span class='ocrx_word' id='word_1_116' title='bbox 772 1479 964 1544; x_wconf 88' lang='lat' dir='ltr'>institutum</span> <span class='ocrx_word' id='word_1_117' title='bbox 995 1479 1060 1543; x_wconf 89' lang='lat' dir='ltr'>iter</span> <span class='ocrx_word' id='word_1_118' title='bbox 1088 1479 1286 1558; x_wconf 87' lang='lat' dir='ltr'>referuntur,</span> <span class='ocrx_word' id='word_1_119' title='bbox 1401 1482 1402 1500; x_wconf 64' lang='lat'>¹</span> 
     </span>
    </p>

    <p class='ocr_par' dir='ltr' id='par_1_6' title="bbox 243 1563 1402 1824">
     <span class='ocr_line' id='line_1_14' title="bbox 243 1563 1402 1653; baseline 0.005 -27"><span class='ocrx_word' id='word_1_120' title='bbox 243 1563 532 1628; x_wconf 80' lang='lat' dir='ltr'>vehementissima</span> <span class='ocrx_word' id='word_1_121' title='bbox 561 1566 660 1631; x_wconf 88' lang='lat' dir='ltr'>maris</span> <span class='ocrx_word' id='word_1_122' title='bbox 689 1571 885 1653; x_wconf 79' lang='lat' dir='ltr'>tempestate</span> <span class='ocrx_word' id='word_1_123' title='bbox 917 1580 1086 1650; x_wconf 86' lang='lat' dir='ltr'>correptus</span> <span class='ocrx_word' id='word_1_124' title='bbox 1116 1585 1287 1630; x_wconf 86' lang='lat' dir='ltr'>summum</span> <span class='ocrx_word' id='word_1_125' title='bbox 1401 1621 1402 1632; x_wconf 71' lang='grc'><strong>.</strong></span> 
     </span>
     <span class='ocr_line' id='line_1_15' title="bbox 243 1647 1284 1724; baseline 0.002 -11"><span class='ocrx_word' id='word_1_126' title='bbox 243 1647 327 1713; x_wconf 79' lang='lat' dir='ltr'>adiit</span> <span class='ocrx_word' id='word_1_127' title='bbox 339 1647 427 1712; x_wconf 89' lang='lat' dir='ltr'>vitae</span> <span class='ocrx_word' id='word_1_128' title='bbox 451 1649 638 1716; x_wconf 86' lang='lat' dir='ltr'>discrimen.</span> <span class='ocrx_word' id='word_1_129' title='bbox 690 1653 927 1716; x_wconf 86' lang='lat' dir='ltr'>Verumtamen</span> <span class='ocrx_word' id='word_1_130' title='bbox 950 1652 1162 1724; x_wconf 68' lang='lat' dir='ltr'>stabulario,</span> <span class='ocrx_word' id='word_1_131' title='bbox 1192 1667 1284 1715; x_wconf 92' lang='lat' dir='ltr'>tanto</span> 
     </span>
     <span class='ocr_line' id='line_1_16' title="bbox 243 1733 1286 1824; baseline 0.008 -29"><span class='ocrx_word' id='word_1_132' title='bbox 243 1733 337 1809; x_wconf 81' lang='lat' dir='ltr'>viro,</span> <span class='ocrx_word' id='word_1_133' title='bbox 366 1735 587 1812; x_wconf 86' lang='lat' dir='ltr'>caecutiente,</span> <span class='ocrx_word' id='word_1_134' title='bbox 627 1759 690 1802; x_wconf 91' lang='lat' dir='ltr'>nec</span> <span class='ocrx_word' id='word_1_135' title='bbox 712 1737 794 1814; x_wconf 83' lang='lat' dir='ltr'>mihi</span> <span class='ocrx_word' id='word_1_136' title='bbox 826 1754 921 1824; x_wconf 87' lang='lat' dir='ltr'>turpe</span> <span class='ocrx_word' id='word_1_137' title='bbox 943 1735 1006 1802; x_wconf 87' lang='lat' dir='ltr'>erit</span> <span class='ocrx_word' id='word_1_138' title='bbox 1036 1739 1185 1803; x_wconf 79' lang='lat' dir='ltr'>tenebras</span> <span class='ocrx_word' id='word_1_139' title='bbox 1207 1736 1286 1803; x_wconf 90' lang='lat' dir='ltr'>huic</span> 
     </span>
    </p>

    <p class='ocr_par' dir='ltr' id='par_1_7' title="bbox 152 1818 1182 1911">
     <span class='ocr_line' id='line_1_17' title="bbox 152 1818 1182 1911; baseline 0.006 -26"><span class='ocrx_word' id='word_1_140' title='bbox 152 1851 158 1860; x_wconf 67' lang='lat'><strong><em>¹</em></strong></span> <span class='ocrx_word' id='word_1_141' title='bbox 242 1818 320 1886; x_wconf 91' lang='lat' dir='ltr'>loco</span> <span class='ocrx_word' id='word_1_142' title='bbox 336 1819 456 1896; x_wconf 85' lang='lat' dir='ltr'>offusas</span> <span class='ocrx_word' id='word_1_143' title='bbox 473 1820 644 1909; x_wconf 86' lang='lat' dir='ltr'>dispellere</span> <span class='ocrx_word' id='word_1_144' title='bbox 658 1845 726 1889; x_wconf 92' lang='lat' dir='ltr'>non</span> <span class='ocrx_word' id='word_1_145' title='bbox 743 1843 847 1911; x_wconf 90' lang='lat' dir='ltr'>posse.</span> <span class='ocrx_word' id='word_1_146' title='bbox 1177 1847 1182 1856; x_wconf 89' lang='lat'><strong>·</strong></span> 
     </span>
    </p>
   </div>
   <div class='ocr_carea' id='block_1_3' title="bbox 195 2013 1046 2230">
    <p class='ocr_par' dir='ltr' id='par_1_8' title="bbox 195 2013 1046 2230">
     <span class='ocr_line' id='line_1_18' title="bbox 484 2013 1046 2080; baseline 0.007 -4"><span class='ocrx_word' id='word_1_147' title='bbox 484 2013 712 2078; x_wconf 77' lang='lat' dir='ltr'>ALCAEUS</span> <span class='ocrx_word' id='word_1_148' title='bbox 744 2013 1046 2080; x_wconf 86' lang='lat' dir='ltr'>MESSENIUS.</span> 
     </span>
     <span class='ocr_line' id='line_1_19' title="bbox 195 2129 1015 2230; baseline 0.004 -29"><span class='ocrx_word' id='word_1_149' title='bbox 195 2129 199 2137; x_wconf 83' lang='grc'>’</span> <span class='ocrx_word' id='word_1_150' title='bbox 245 2137 284 2220; x_wconf 80' lang='lat' dir='ltr'>V,</span> <span class='ocrx_word' id='word_1_151' title='bbox 306 2134 336 2201; x_wconf 88' lang='grc'>8.</span> <span class='ocrx_word' id='word_1_152' title='bbox 356 2139 417 2216; x_wconf 88' lang='grc' dir='ltr'>(Τ.</span> <span class='ocrx_word' id='word_1_153' title='bbox 433 2141 459 2207; x_wconf 89' lang='grc' dir='ltr'>Ι.</span> <span class='ocrx_word' id='word_1_154' title='bbox 473 2161 504 2226; x_wconf 89' lang='lat' dir='ltr'>p.</span> <span class='ocrx_word' id='word_1_155' title='bbox 521 2139 595 2230; x_wconf 85' lang='lat'>487.</span> <span class='ocrx_word' id='word_1_156' title='bbox 616 2146 672 2210; x_wconf 83' lang='lat' dir='ltr'>Bt.</span> <span class='ocrx_word' id='word_1_157' title='bbox 695 2145 732 2208; x_wconf 91' lang='lat' dir='ltr'>T.</span> <span class='ocrx_word' id='word_1_158' title='bbox 748 2142 773 2206; x_wconf 92' lang='lat' dir='ltr'>I.</span> <span class='ocrx_word' id='word_1_159' title='bbox 794 2165 827 2230; x_wconf 88' lang='lat' dir='ltr'>p.</span> <span class='ocrx_word' id='word_1_160' title='bbox 845 2139 915 2206; x_wconf 80' lang='lat'>258.</span> <span class='ocrx_word' id='word_1_161' title='bbox 929 2137 1015 2228; x_wconf 85' lang='lat' dir='ltr'>lac.)</span> 
     </span>
    </p>
   </div>
   <div class='ocr_carea' id='block_1_4' title="bbox 254 2261 1144 2452">
    <p class='ocr_par' dir='ltr' id='par_1_9' title="bbox 254 2261 1144 2452">
     <span class='ocr_line' id='line_1_20' title="bbox 738 2261 1056 2338; baseline -0.019 3"><span class='ocrx_word' id='word_1_162' title='bbox 738 2305 782 2322; x_wconf 90' lang='grc'>-</span> <span class='ocrx_word' id='word_1_163' title='bbox 825 2275 858 2338; x_wconf 80' lang='lat' dir='ltr'>t’v</span> <span class='ocrx_word' id='word_1_164' title='bbox 879 2273 911 2336; x_wconf 65' lang='lat' dir='ltr'>ds*</span> <span class='ocrx_word' id='word_1_165' title='bbox 932 2261 1056 2338; x_wconf 73' lang='lat' dir='ltr'>Avoetdv</span> 
     </span>
     <span class='ocr_line' id='line_1_21' title="bbox 254 2355 1144 2452; baseline -0.036 -5"><span class='ocrx_word' id='word_1_166' title='bbox 254 2447 256 2452; x_wconf 85' lang='grc'>,</span> <span class='ocrx_word' id='word_1_167' title='bbox 373 2357 437 2440; x_wconf 64' lang='lat' dir='ltr'>”ill</span> <span class='ocrx_word' id='word_1_168' title='bbox 457 2355 611 2446; x_wconf 64' lang='grc' dir='ltr'>φόρμιγγα</span> <span class='ocrx_word' id='word_1_169' title='bbox 633 2357 753 2440; x_wconf 73' lang='grc' dir='ltr'><strong><em>θήκατο</em></strong></span> <span class='ocrx_word' id='word_1_170' title='bbox 781 2362 833 2426; x_wconf 71' lang='grc' dir='ltr'>καὶ</span> <span class='ocrx_word' id='word_1_171' title='bbox 855 2355 1016 2441; x_wconf 78' lang='grc' dir='ltr'><strong><em>καλάμους.</em></strong></span> <span class='ocrx_word' id='word_1_172' title='bbox 1064 2369 1067 2376; x_wconf 91' lang='grc'><strong>’</strong></span> <span class='ocrx_word' id='word_1_173' title='bbox 1137 2427 1144 2440; x_wconf 32' lang='lat'>⁸</span> 
     </span>
    </p>
   </div>
   <div class='ocr_carea' id='block_1_5' title="bbox 128 2477 1403 3170">
    <p class='ocr_par' dir='ltr' id='par_1_10' title="bbox 128 2477 1403 3170">
     <span class='ocr_line' id='line_1_22' title="bbox 247 2477 1289 2572; baseline 0.002 -30"><span class='ocrx_word' id='word_1_174' title='bbox 247 2477 416 2546; x_wconf 81' lang='lat' dir='ltr'>Excidisse</span> <span class='ocrx_word' id='word_1_175' title='bbox 435 2486 567 2550; x_wconf 84' lang='lat' dir='ltr'>videtur</span> <span class='ocrx_word' id='word_1_176' title='bbox 584 2485 612 2552; x_wconf 86' lang='lat' dir='ltr'><strong><em>C</em></strong></span> <span class='ocrx_word' id='word_1_177' title='bbox 632 2491 674 2550; x_wconf 93' lang='lat' dir='ltr'>ob</span> <span class='ocrx_word' id='word_1_178' title='bbox 698 2483 955 2550; x_wconf 87' lang='lat' dir='ltr'>similitudinem.</span> <span class='ocrx_word' id='word_1_179' title='bbox 974 2482 1140 2572; x_wconf 86' lang='lat' dir='ltr'>sequentis</span> <span class='ocrx_word' id='word_1_180' title='bbox 1162 2490 1217 2565; x_wconf 70' lang='grc' dir='ltr'>Θ..</span> <span class='ocrx_word' id='word_1_181' title='bbox 1235 2483 1289 2545; x_wconf 85' lang='lat' dir='ltr'>vel</span> 
     </span>
     <span class='ocr_line' id='line_1_23' title="bbox 246 2564 1403 2638; baseline 0.004 -13"><span class='ocrx_word' id='word_1_182' title='bbox 246 2564 408 2632; x_wconf 87' lang='lat' dir='ltr'>omissum</span> <span class='ocrx_word' id='word_1_183' title='bbox 426 2589 496 2634; x_wconf 87' lang='lat' dir='ltr'>etse</span> <span class='ocrx_word' id='word_1_184' title='bbox 513 2595 529 2634; x_wconf 93' lang='lat' dir='ltr'>a</span> <span class='ocrx_word' id='word_1_185' title='bbox 548 2571 690 2636; x_wconf 83' lang='lat' dir='ltr'>librariis</span> <span class='ocrx_word' id='word_1_186' title='bbox 706 2575 746 2634; x_wconf 90' lang='lat' dir='ltr'>de</span> <span class='ocrx_word' id='word_1_187' title='bbox 758 2591 897 2636; x_wconf 88' lang='lat' dir='ltr'>numero</span> <span class='ocrx_word' id='word_1_188' title='bbox 912 2569 1051 2638; x_wconf 59' lang='lat' dir='ltr'>anxiis„</span> <span class='ocrx_word' id='word_1_189' title='bbox 1072 2567 1289 2634; x_wconf 78' lang='lat' dir='ltr'>scribendum</span> <span class='ocrx_word' id='word_1_190' title='bbox 1402 2603 1403 2610; x_wconf 54' lang='lat'>.</span> 
     </span>
     <span class='ocr_line' id='line_1_24' title="bbox 137 2647 1403 2744; baseline 0.003 -34"><span class='ocrx_word' id='word_1_191' title='bbox 137 2731 141 2744; x_wconf 85' lang='lat'>.</span> <span class='ocrx_word' id='word_1_192' title='bbox 246 2647 350 2734; x_wconf 82' lang='lat' dir='ltr'>igitur</span> <span class='ocrx_word' id='word_1_193' title='bbox 368 2654 475 2718; x_wconf 85' lang='lat' dir='ltr'>additis</span> <span class='ocrx_word' id='word_1_194' title='bbox 490 2655 694 2720; x_wconf 76' lang='lat' dir='ltr'>istis-literulis</span> <span class='ocrx_word' id='word_1_195' title='bbox 711 2657 891 2744; x_wconf 65' lang='grc' dir='ltr'><strong>φόρμιγγας.</strong></span> <span class='ocrx_word' id='word_1_196' title='bbox 936 2660 1038 2720; x_wconf 87' lang='lat' dir='ltr'>Deest</span> <span class='ocrx_word' id='word_1_197' title='bbox 1052 2660 1117 2720; x_wconf 89' lang='lat' dir='ltr'>boc</span> <span class='ocrx_word' id='word_1_198' title='bbox 1131 2654 1290 2739; x_wconf 84' lang='lat' dir='ltr'>epigram·</span> <span class='ocrx_word' id='word_1_199' title='bbox 1402 2673 1403 2714; x_wconf 70' lang='lat'>1</span> 
     </span>
     <span class='ocr_line' id='line_1_25' title="bbox 245 2735 1290 2827; baseline 0.006 -31"><span class='ocrx_word' id='word_1_200' title='bbox 245 2755 299 2796; x_wconf 86' lang='lat' dir='ltr'>ma</span> <span class='ocrx_word' id='word_1_201' title='bbox 316 2735 350 2798; x_wconf 88' lang='lat' dir='ltr'>in</span> <span class='ocrx_word' id='word_1_202' title='bbox 368 2735 448 2804; x_wconf 83' lang='lat' dir='ltr'>co‘d.</span> <span class='ocrx_word' id='word_1_203' title='bbox 465 2746 533 2806; x_wconf 88' lang='lat' dir='ltr'>Vat.</span> <span class='ocrx_word' id='word_1_204' title='bbox 579 2745 714 2807; x_wconf 89' lang='lat' dir='ltr'>Nullum</span> <span class='ocrx_word' id='word_1_205' title='bbox 734 2765 811 2806; x_wconf 87' lang='lat' dir='ltr'>vero</span> <span class='ocrx_word' id='word_1_206' title='bbox 827 2741 906 2806; x_wconf 81' lang='lat' dir='ltr'>novi</span> <span class='ocrx_word' id='word_1_207' title='bbox 931 2757 1057 2827; x_wconf 88' lang='lat' dir='ltr'>praeter</span> <span class='ocrx_word' id='word_1_208' title='bbox 1070 2744 1134 2804; x_wconf 90' lang='lat' dir='ltr'>boc</span> <span class='ocrx_word' id='word_1_209' title='bbox 1150 2741 1290 2822; x_wconf 85' lang='lat' dir='ltr'>syllabae</span> 
     </span>
     <span class='ocr_line' id='line_1_26' title="bbox 247 2821 1291 2912; baseline 0.008 -28"><span class='ocrx_word' id='word_1_210' title='bbox 247 2821 289 2884; x_wconf 84' lang='lat' dir='ltr'>ab</span> <span class='ocrx_word' id='word_1_211' title='bbox 313 2823 430 2887; x_wconf 77' lang='lat' dir='ltr'>alcaeo</span> <span class='ocrx_word' id='word_1_212' title='bbox 455 2829 552 2892; x_wconf 82' lang='lat' dir='ltr'>Mese.</span> <span class='ocrx_word' id='word_1_213' title='bbox 575 2826 753 2911; x_wconf 82' lang='lat' dir='ltr'>productae</span> <span class='ocrx_word' id='word_1_214' title='bbox 781 2823 977 2912; x_wconf 75' lang='lat' dir='ltr'>exemplum.</span> <span class='ocrx_word' id='word_1_215' title='bbox 1031 2829 1181 2910; x_wconf 76' lang='lat' dir='ltr'>Namqup</span> <span class='ocrx_word' id='word_1_216' title='bbox 1212 2825 1291 2892; x_wconf 81' lang='lat' dir='ltr'>ded</span> 
     </span>
     <span class='ocr_line' id='line_1_27' title="bbox 246 2908 1288 2998; baseline 0 -26"><span class='ocrx_word' id='word_1_217' title='bbox 246 2913 416 2986; x_wconf 72' lang='grc' dir='ltr'><em>παροδίτας</em></span> <span class='ocrx_word' id='word_1_218' title='bbox 430 2909 466 2973; x_wconf 86' lang='lat' dir='ltr'>in</span> <span class='ocrx_word' id='word_1_219' title='bbox 483 2913 541 2998; x_wconf 85' lang='lat' dir='ltr'>Ep.</span> <span class='ocrx_word' id='word_1_220' title='bbox 557 2913 649 2989; x_wconf 79' lang='lat' dir='ltr'>XXI,</span> <span class='ocrx_word' id='word_1_221' title='bbox 676 2937 703 2978; x_wconf 91' lang='lat'>1.</span> <span class='ocrx_word' id='word_1_222' title='bbox 726 2914 767 2980; x_wconf 75' lang='lat' dir='ltr'>cf,</span> <span class='ocrx_word' id='word_1_223' title='bbox 783 2915 963 2988; x_wconf 82' lang='lat' dir='ltr'>Hermann.</span> <span class='ocrx_word' id='word_1_224' title='bbox 984 2913 1024 2974; x_wconf 89' lang='lat' dir='ltr'>ad</span> <span class='ocrx_word' id='word_1_225' title='bbox 1040 2913 1144 2996; x_wconf 84' lang='lat' dir='ltr'>Orph.</span> <span class='ocrx_word' id='word_1_226' title='bbox 1165 2934 1196 2994; x_wconf 89' lang='lat' dir='ltr'>p.</span> <span class='ocrx_word' id='word_1_227' title='bbox 1216 2908 1288 2991; x_wconf 78' lang='lat'>766.</span> 
     </span>
     <span class='ocr_line' id='line_1_28' title="bbox 252 2987 1290 3086; baseline 0.004 -30"><span class='ocrx_word' id='word_1_228' title='bbox 252 2987 424 3086; x_wconf 76' lang='lat' dir='ltr'>Schuefer.</span> <span class='ocrx_word' id='word_1_229' title='bbox 451 2999 491 3058; x_wconf 89' lang='lat' dir='ltr'>ad</span> <span class='ocrx_word' id='word_1_230' title='bbox 508 2999 613 3082; x_wconf 82' lang='lat' dir='ltr'>Apoll.</span> <span class='ocrx_word' id='word_1_231' title='bbox 637 3001 742 3066; x_wconf 88' lang='lat' dir='ltr'>Rhod.</span> <span class='ocrx_word' id='word_1_232' title='bbox 761 3000 869 3065; x_wconf 89' lang='lat' dir='ltr'>Schol.</span> <span class='ocrx_word' id='word_1_233' title='bbox 892 3002 933 3064; x_wconf 90' lang='grc' dir='ltr'>Τ.</span> <span class='ocrx_word' id='word_1_234' title='bbox 951 3003 987 3061; x_wconf 93' lang='grc'>11.</span> <span class='ocrx_word' id='word_1_235' title='bbox 1010 3020 1042 3081; x_wconf 88' lang='lat' dir='ltr'>p.</span> <span class='ocrx_word' id='word_1_236' title='bbox 1057 2997 1128 3083; x_wconf 84' lang='lat'>629.</span> <span class='ocrx_word' id='word_1_237' title='bbox 1156 2995 1290 3062; x_wconf 81' lang='lat' dir='ltr'>Jacobs.</span> 
     </span>
     <span class='ocr_line' id='line_1_29' title="bbox 128 3073 1290 3170; baseline 0.002 -30"><span class='ocrx_word' id='word_1_238' title='bbox 128 3093 154 3140; x_wconf 66' lang='grc' dir='ltr'><em>Δ</em></span> <span class='ocrx_word' id='word_1_239' title='bbox 246 3073 284 3140; x_wconf 88' lang='lat' dir='ltr'>in</span> <span class='ocrx_word' id='word_1_240' title='bbox 303 3083 386 3144; x_wconf 79' lang='lat' dir='ltr'>Actt.</span> <span class='ocrx_word' id='word_1_241' title='bbox 409 3084 560 3147; x_wconf 87' lang='lat' dir='ltr'>Monacc.</span> <span class='ocrx_word' id='word_1_242' title='bbox 588 3087 628 3150; x_wconf 90' lang='lat' dir='ltr'>T.</span> <span class='ocrx_word' id='word_1_243' title='bbox 648 3089 673 3148; x_wconf 93' lang='lat' dir='ltr'>I.</span> <span class='ocrx_word' id='word_1_244' title='bbox 697 3108 730 3170; x_wconf 86' lang='lat' dir='ltr'>p.</span> <span class='ocrx_word' id='word_1_245' title='bbox 758 3083 825 3150; x_wconf 82' lang='lat'>141.</span> <span class='ocrx_word' id='word_1_246' title='bbox 848 3105 896 3170; x_wconf 80' lang='lat' dir='ltr'>sq.</span> <span class='ocrx_word' id='word_1_247' title='bbox 941 3080 1006 3146; x_wconf 83' lang='lat' dir='ltr'><strong>Vix·</strong></span> <span class='ocrx_word' id='word_1_248' title='bbox 1026 3097 1144 3147; x_wconf 89' lang='lat' dir='ltr'>notatu</span> <span class='ocrx_word' id='word_1_249' title='bbox 1172 3079 1290 3166; x_wconf 84' lang='lat' dir='ltr'>dignae</span> 
     </span>
    </p>
   </div>
   <div class='ocr_carea' id='block_1_6' title="bbox 245 3205 455 3228">
    <p class='ocr_par' dir='ltr' id='par_1_11' title="bbox 245 3205 455 3228">
     <span class='ocr_line' id='line_1_30' title="bbox 245 3205 455 3228; baseline 0.01 -5"><span class='ocrx_word' id='word_1_250' title='bbox 245 3205 455 3228; x_wconf 49' lang='lat' dir='ltr'>*n—-a-</span> 
     </span>
    </p>
   </div>
   <div class='ocr_carea' id='block_1_7' title="bbox 231 3266 1296 4138">
    <p class='ocr_par' dir='ltr' id='par_1_12' title="bbox 231 3266 1296 4138">
     <span class='ocr_line' id='line_1_31' title="bbox 314 3266 1291 3348; baseline 0 -24"><span class='ocrx_word' id='word_1_251' title='bbox 314 3267 421 3342; x_wconf 71' lang='lat' dir='ltr'>Herbi,</span> <span class='ocrx_word' id='word_1_252' title='bbox 435 3271 539 3345; x_wconf 84' lang='lat' dir='ltr'>Odyst.</span> <span class='ocrx_word' id='word_1_253' title='bbox 551 3275 590 3340; x_wconf 79' lang='lat' dir='ltr'>A,</span> <span class='ocrx_word' id='word_1_254' title='bbox 610 3283 671 3348; x_wconf 74' lang='lat'>497.</span> <span class='ocrx_word' id='word_1_255' title='bbox 689 3271 736 3328; x_wconf 73' lang='grc' dir='ltr'>ἐὰν</span> <span class='ocrx_word' id='word_1_256' title='bbox 754 3266 844 3342; x_wconf 70' lang='grc' dir='ltr'><em>ἦλθον</em></span> <span class='ocrx_word' id='word_1_257' title='bbox 862 3272 995 3333; x_wconf 66' lang='grc' dir='ltr'><strong>τοιοῦτος.</strong></span> <span class='ocrx_word' id='word_1_258' title='bbox 1012 3272 1141 3330; x_wconf 83' lang='lat' dir='ltr'>Euststlt.</span> <span class='ocrx_word' id='word_1_259' title='bbox 1157 3271 1191 3326; x_wconf 84' lang='lat' dir='ltr'>sd</span> <span class='ocrx_word' id='word_1_260' title='bbox 1202 3273 1291 3328; x_wconf 82' lang='lat' dir='ltr'>Hom.</span> 
     </span>
     <span class='ocr_line' id='line_1_32' title="bbox 313 3352 1290 3434; baseline -0.001 -22"><span class='ocrx_word' id='word_1_261' title='bbox 313 3352 527 3424; x_wconf 76' lang='grc' dir='ltr'>11.Α,56.κ11ν</span> <span class='ocrx_word' id='word_1_262' title='bbox 545 3361 668 3432; x_wconf 60' lang='lat' dir='ltr'>passicis</span> <span class='ocrx_word' id='word_1_263' title='bbox 691 3355 769 3432; x_wconf 77' lang='grc' dir='ltr'><strong>ἦσαν.</strong></span> <span class='ocrx_word' id='word_1_264' title='bbox 794 3360 949 3434; x_wconf 85' lang='lat' dir='ltr'>Phrynich.</span> <span class='ocrx_word' id='word_1_265' title='bbox 972 3361 1004 3414; x_wconf 86' lang='lat' dir='ltr'>in</span> <span class='ocrx_word' id='word_1_266' title='bbox 1023 3358 1145 3419; x_wconf 71' lang='lat' dir='ltr'>saltari</span> <span class='ocrx_word' id='word_1_267' title='bbox 1164 3357 1290 3416; x_wconf 85' lang='lat' dir='ltr'>Auecdd.</span> 
     </span>
     <span class='ocr_line' id='line_1_33' title="bbox 315 3441 1291 3529; baseline -0.001 -30"><span class='ocrx_word' id='word_1_268' title='bbox 315 3443 381 3498; x_wconf 83' lang='lat' dir='ltr'>Grr.</span> <span class='ocrx_word' id='word_1_269' title='bbox 400 3445 433 3498; x_wconf 92' lang='grc' dir='ltr'>Τ.</span> <span class='ocrx_word' id='word_1_270' title='bbox 446 3449 469 3501; x_wconf 89' lang='lat'>1.</span> <span class='ocrx_word' id='word_1_271' title='bbox 488 3465 516 3520; x_wconf 88' lang='lat' dir='ltr'>p.</span> <span class='ocrx_word' id='word_1_272' title='bbox 528 3458 572 3516; x_wconf 75' lang='lat'>53,</span> <span class='ocrx_word' id='word_1_273' title='bbox 593 3459 633 3512; x_wconf 65' lang='grc' dir='ltr'><strong>ιδ.</strong></span> <span class='ocrx_word' id='word_1_274' title='bbox 650 3441 838 3518; x_wconf 48' lang='lat' dir='ltr'>adsuevere</span> <span class='ocrx_word' id='word_1_275' title='bbox 854 3447 940 3529; x_wconf 69' lang='lat' dir='ltr'>tircpv.</span> <span class='ocrx_word' id='word_1_276' title='bbox 975 3445 1087 3516; x_wconf 81' lang='lat' dir='ltr'>Ibidem</span> <span class='ocrx_word' id='word_1_277' title='bbox 1104 3449 1137 3501; x_wconf 90' lang='lat' dir='ltr'>T.</span> <span class='ocrx_word' id='word_1_278' title='bbox 1151 3449 1172 3500; x_wconf 90' lang='lat'>1.</span> <span class='ocrx_word' id='word_1_279' title='bbox 1184 3454 1291 3519; x_wconf 56' lang='lat' dir='ltr'>p..415‚</span> 
     </span>
     <span class='ocr_line' id='line_1_34' title="bbox 313 3526 1295 3612; baseline -0.008 -19"><span class='ocrx_word' id='word_1_280' title='bbox 313 3537 358 3593; x_wconf 75' lang='lat'>52·</span> <span class='ocrx_word' id='word_1_281' title='bbox 376 3526 499 3604; x_wconf 63' lang='lat' dir='ltr'>”Actaeos</span> <span class='ocrx_word' id='word_1_282' title='bbox 514 3532 606 3606; x_wconf 69' lang='lat' dir='ltr'>lepris.</span> <span class='ocrx_word' id='word_1_283' title='bbox 641 3534 807 3608; x_wconf 72' lang='lat' dir='ltr'>Lugendum</span> <span class='ocrx_word' id='word_1_284' title='bbox 820 3533 936 3590; x_wconf 83' lang='lat' dir='ltr'>videtur</span> <span class='ocrx_word' id='word_1_285' title='bbox 953 3531 1055 3606; x_wconf 64' lang='lat' dir='ltr'>littra.</span> <span class='ocrx_word' id='word_1_286' title='bbox 1079 3533 1158 3612; x_wconf 84' lang='lat' dir='ltr'>quod</span> <span class='ocrx_word' id='word_1_287' title='bbox 1174 3531 1295 3587; x_wconf 83' lang='lat' dir='ltr'>suadent</span> 
     </span>
     <span class='ocr_line' id='line_1_35' title="bbox 316 3617 1294 3696; baseline 0.002 -26"><span class='ocrx_word' id='word_1_288' title='bbox 316 3627 396 3670; x_wconf 84' lang='lat' dir='ltr'>etres</span> <span class='ocrx_word' id='word_1_289' title='bbox 410 3619 469 3692; x_wconf 85' lang='lat' dir='ltr'>ipss</span> <span class='ocrx_word' id='word_1_290' title='bbox 486 3621 670 3693; x_wconf 78' lang='lat' dir='ltr'>assequentis</span> <span class='ocrx_word' id='word_1_291' title='bbox 685 3635 713 3674; x_wconf 84' lang='lat' dir='ltr'>et</span> <span class='ocrx_word' id='word_1_292' title='bbox 725 3619 860 3694; x_wconf 81' lang='lat' dir='ltr'>frequens</span> <span class='ocrx_word' id='word_1_293' title='bbox 874 3621 976 3677; x_wconf 78' lang='lat' dir='ltr'>lurum</span> <span class='ocrx_word' id='word_1_294' title='bbox 990 3639 1097 3678; x_wconf 78' lang='lat' dir='ltr'>rosum</span> <span class='ocrx_word' id='word_1_295' title='bbox 1110 3617 1294 3696; x_wconf 70' lang='lat' dir='ltr'>pennucatio.</span> 
     </span>
     <span class='ocr_line' id='line_1_36' title="bbox 311 3703 1294 3783; baseline -0.004 -23"><span class='ocrx_word' id='word_1_296' title='bbox 311 3704 347 3760; x_wconf 78' lang='lat' dir='ltr'>of·</span> <span class='ocrx_word' id='word_1_297' title='bbox 374 3705 520 3764; x_wconf 71' lang='lat' dir='ltr'>Tessturk.</span> <span class='ocrx_word' id='word_1_298' title='bbox 542 3707 577 3760; x_wconf 80' lang='lat' dir='ltr'>ad</span> <span class='ocrx_word' id='word_1_299' title='bbox 595 3705 686 3762; x_wconf 79' lang='lat' dir='ltr'>strab.</span> <span class='ocrx_word' id='word_1_300' title='bbox 706 3710 739 3763; x_wconf 91' lang='grc' dir='ltr'><strong>Τ.</strong></span> <span class='ocrx_word' id='word_1_301' title='bbox 763 3711 800 3768; x_wconf 87' lang='lat' dir='ltr'>V.</span> <span class='ocrx_word' id='word_1_302' title='bbox 825 3729 853 3783; x_wconf 86' lang='lat' dir='ltr'>p.</span> <span class='ocrx_word' id='word_1_303' title='bbox 878 3725 938 3765; x_wconf 85' lang='lat'>101.</span> <span class='ocrx_word' id='word_1_304' title='bbox 959 3721 987 3760; x_wconf 91' lang='lat' dir='ltr'>st</span> <span class='ocrx_word' id='word_1_305' title='bbox 1007 3705 1068 3774; x_wconf 74' lang='lat'>624.</span> <span class='ocrx_word' id='word_1_306' title='bbox 1103 3708 1237 3761; x_wconf 81' lang='lat' dir='ltr'>Veterum</span> <span class='ocrx_word' id='word_1_307' title='bbox 1257 3703 1294 3757; x_wconf 86' lang='lat' dir='ltr'>ds</span> 
     </span>
     <span class='ocr_line' id='line_1_37' title="bbox 231 3790 1294 3867; baseline -0.002 -19"><span class='ocrx_word' id='word_1_308' title='bbox 231 3797 235 3804; x_wconf 85' lang='lat'>&#39;</span> <span class='ocrx_word' id='word_1_309' title='bbox 309 3790 363 3848; x_wconf 85' lang='lat' dir='ltr'>hso</span> <span class='ocrx_word' id='word_1_310' title='bbox 381 3793 466 3866; x_wconf 70' lang='grc' dir='ltr'><em>λίμνῃ</em></span> <span class='ocrx_word' id='word_1_311' title='bbox 491 3791 552 3845; x_wconf 80' lang='lat' dir='ltr'>loos</span> <span class='ocrx_word' id='word_1_312' title='bbox 571 3809 771 3867; x_wconf 82' lang='lat' dir='ltr'>congesserunt</span> <span class='ocrx_word' id='word_1_313' title='bbox 792 3794 912 3849; x_wconf 73' lang='lat' dir='ltr'>casaub.</span> <span class='ocrx_word' id='word_1_314' title='bbox 934 3792 969 3848; x_wconf 83' lang='lat' dir='ltr'>sd</span> <span class='ocrx_word' id='word_1_315' title='bbox 981 3791 1071 3850; x_wconf 81' lang='lat' dir='ltr'>Strab.</span> <span class='ocrx_word' id='word_1_316' title='bbox 1085 3793 1120 3848; x_wconf 86' lang='lat' dir='ltr'>L.</span> <span class='ocrx_word' id='word_1_317' title='bbox 1133 3795 1168 3850; x_wconf 83' lang='lat' dir='ltr'>V.</span> <span class='ocrx_word' id='word_1_318' title='bbox 1188 3809 1217 3864; x_wconf 80' lang='lat' dir='ltr'>p-</span> <span class='ocrx_word' id='word_1_319' title='bbox 1230 3803 1294 3858; x_wconf 77' lang='lat'>375.</span> 
     </span>
     <span class='ocr_line' id='line_1_38' title="bbox 309 3875 1294 3954; baseline -0.006 -18"><span class='ocrx_word' id='word_1_320' title='bbox 309 3900 351 3954; x_wconf 89' lang='lat' dir='ltr'>sq.</span> <span class='ocrx_word' id='word_1_321' title='bbox 370 3881 414 3934; x_wconf 86' lang='lat' dir='ltr'>ed.</span> <span class='ocrx_word' id='word_1_322' title='bbox 428 3875 531 3935; x_wconf 77' lang='lat' dir='ltr'>Almel.</span> <span class='ocrx_word' id='word_1_323' title='bbox 552 3875 725 3952; x_wconf 79' lang='lat' dir='ltr'>Wesssling.</span> <span class='ocrx_word' id='word_1_324' title='bbox 740 3879 774 3933; x_wconf 83' lang='lat' dir='ltr'>ad</span> <span class='ocrx_word' id='word_1_325' title='bbox 785 3881 874 3936; x_wconf 86' lang='lat' dir='ltr'>Diod.</span> <span class='ocrx_word' id='word_1_326' title='bbox 895 3880 952 3939; x_wconf 87' lang='lat' dir='ltr'>Sic.</span> <span class='ocrx_word' id='word_1_327' title='bbox 970 3882 1005 3936; x_wconf 88' lang='lat' dir='ltr'>L.</span> <span class='ocrx_word' id='word_1_328' title='bbox 1020 3883 1068 3940; x_wconf 78' lang='grc' dir='ltr'>Ν.</span> <span class='ocrx_word' id='word_1_329' title='bbox 1087 3880 1122 3934; x_wconf 91' lang='grc' dir='ltr'><strong>Τ.</strong></span> <span class='ocrx_word' id='word_1_330' title='bbox 1140 3881 1161 3932; x_wconf 87' lang='grc' dir='ltr'>Ι.</span> <span class='ocrx_word' id='word_1_331' title='bbox 1185 3895 1215 3948; x_wconf 84' lang='lat' dir='ltr'>p.</span> <span class='ocrx_word' id='word_1_332' title='bbox 1230 3875 1294 3940; x_wconf 78' lang='lat'>267.</span> 
     </span>
     <span class='ocr_line' id='line_1_39' title="bbox 296 3961 1296 4048; baseline -0.014 -19"><span class='ocrx_word' id='word_1_333' title='bbox 296 3968 416 4030; x_wconf 46' lang='lat' dir='ltr'>torota.</span> <span class='ocrx_word' id='word_1_334' title='bbox 433 3966 468 4020; x_wconf 81' lang='lat' dir='ltr'>sd</span> <span class='ocrx_word' id='word_1_335' title='bbox 484 3964 692 4048; x_wconf 62' lang='lat' dir='ltr'>Aristoatttir.</span> <span class='ocrx_word' id='word_1_336' title='bbox 710 3964 852 4024; x_wconf 79' lang='lat' dir='ltr'>Auscultt.</span> <span class='ocrx_word' id='word_1_337' title='bbox 872 3985 900 4042; x_wconf 81' lang='lat' dir='ltr'>p.</span> <span class='ocrx_word' id='word_1_338' title='bbox 920 3981 982 4022; x_wconf 80' lang='lat'>220.</span> <span class='ocrx_word' id='word_1_339' title='bbox 995 3983 1058 4042; x_wconf 83' lang='lat' dir='ltr'>sqq.</span> <span class='ocrx_word' id='word_1_340' title='bbox 1090 3961 1238 4022; x_wconf 61' lang='lat' dir='ltr'>Trrstuck</span> <span class='ocrx_word' id='word_1_341' title='bbox 1259 3962 1296 4015; x_wconf 85' lang='lat' dir='ltr'>sd</span> 
     </span>
     <span class='ocr_line' id='line_1_40' title="bbox 302 4050 1221 4138; baseline -0.009 -28"><span class='ocrx_word' id='word_1_342' title='bbox 302 4057 405 4134; x_wconf 83' lang='lat' dir='ltr'>Pomp.</span> <span class='ocrx_word' id='word_1_343' title='bbox 422 4050 490 4131; x_wconf 70' lang='lat' dir='ltr'>Mel.</span> <span class='ocrx_word' id='word_1_344' title='bbox 510 4055 548 4120; x_wconf 83' lang='lat'>11,</span> <span class='ocrx_word' id='word_1_345' title='bbox 569 4062 595 4122; x_wconf 78' lang='lat'>4,</span> <span class='ocrx_word' id='word_1_346' title='bbox 614 4069 641 4128; x_wconf 81' lang='lat'>9.</span> <span class='ocrx_word' id='word_1_347' title='bbox 817 4129 820 4138; x_wconf 26' lang='grc' dir='ltr'><strong><em>ι</em></strong></span> <span class='ocrx_word' id='word_1_348' title='bbox 1052 4073 1058 4083; x_wconf 81' lang='grc'><strong><em>·</em></strong></span> <span class='ocrx_word' id='word_1_349' title='bbox 1135 4109 1139 4124; x_wconf 67' lang='lat'>.</span> <span class='ocrx_word' id='word_1_350' title='bbox 1214 4098 1221 4102; x_wconf 88' lang='lat'>.</span> 
     </span>
    </p>
   </div>
   <div class='ocr_carea' id='block_1_8' title="bbox 0 0 1435 4790">
    <p class='ocr_par' dir='ltr' id='par_1_13' title="bbox 0 0 1435 4790">
     <span class='ocr_line' id='line_1_41' title="bbox 0 0 1435 4790; baseline 0 0"><span class='ocrx_word' id='word_1_351' title='bbox 0 0 1435 4790; x_wconf 95' lang='lat' dir='ltr'> </span> 
     </span>
    </p>
   </div>
  </div>
 </body>
</html>
