2854 4794
304 406 306 412 ‚
378 383 632 504 ominetur
656 341 880 461 trotmaror.
1110 411 1147 460 n

103 551 199 620 enim
222 553 423 620 vocabulum
452 551 536 616 illud
563 553 734 638 evulgari
754 551 1063 624 Grammaticorum
1087 575 1153 625 utu
1208 601 1214 608 ·

82 641 289 726 ·rem‘longc
304 639 401 704 aliam
415 635 598 726 significet,
619 655 730 723 neque
744 639 923 724 ‚appellatio
947 639 1008 706 itta
1031 647 1095 708 hac
1115 642 1152 710 in
1252 664 1258 672 ·

103 748 147 790 re
163 741 230 790 tam
254 725 339 799 clara
359 739 393 788 et
406 721 578 809 perspicua
595 721 657 798 eit,
687 745 786 810 quam
807 747 871 810 qua
894 728 933 790 ab
956 727 1050 792 omni
1071 728 1152 798 inde
1176 775 1183 800 1

104 824 259 896 tempore
267 808 318 874 uti
326 808 480 884 colemus,
495 829 564 872 non
571 807 687 885 video,
704 812 931 878 curvo'cebulo
941 829 1031 877 certo
1041 812 1153 878 incer..

105 910 182 964 tum
198 911 296 983 atque
308 893 875 981 ambiguumaubetitucrevclimuc.
898 899 994 962 Plura
1010 899 1151 964 omnino
1192 963 1198 978 ,

104 979 147 1052 in
164 979 218 1062 iis,
241 1003 323 1067 quae
334 982 409 1045 loco
422 995 604 1044 memorato
621 980 663 1042 de
675 1001 777 1044 versu
790 981 968 1057 Homerico
985 983 1154 1070 disputan·
1219 997 1236 1035 -'
1261 999 1264 1012 ·

104 1081 186 1143 tur,
207 1067 384 1140 edoceant,
414 1081 582 1133 auctorem
599 1067 638 1128 ab
654 1063 784 1152 ingenii
805 1065 959 1132 acumine
986 1081 1089 1154 aeque
1115 1089 1155 1135 ac

105 1152 280 1217 doctrinae
304 1149 399 1238 copia
423 1149 623 1214 instructum
643 1152 729 1214 hanc
744 1173 814 1217 rem
837 1153 903 1218 levi
928 1168 1078 1229 tantum,
1114 1171 1156 1222 ut

105 1245 214 1319 ajunt,
236 1237 372 1302 brachio
387 1233 623 1324 perstrinxiarea
651 1235 854 1302 Veluticurn
869 1237 967 1312 dicit,
988 1241 1155 1321 Odyareae

104 1321 265 1388 initium:
279 1325 403 1412 Ἀνδρα
414 1349 467 1406 μοι
480 1322 586 1389 ἔννεπε
601 1322 724 1386 nullam
738 1323 858 1388 habere
869 1321 1077 1404 incisionem,
1098 1327 1156 1391 ced
1175 1344 1179 1360 ⁴

106 1408 217 1476 illude
229 1414 333 1478 τέκνον
348 1405 438 1493 ἐμόν,
459 1404 548 1476 ποῖόν
564 1434 598 1475 σε
613 1409 686 1484 ἔπος
709 1405 804 1495 φύγεν
821 1415 909 1494 ἕρκος
918 1407 1061 1484 ὀδόντων,
1084 1433 1154 1476 cae·

107 1516 187 1560 aura
202 1495 238 1558 in
251 1493 317 1558 fine
331 1491 486 1588 adjectivi
494 1495 582 1574 noina
591 1489 759 1579 distingui.
789 1492 847 1558 sin
858 1511 968 1558 autem
980 1496 1155 1562 encliticae

106 1578 163 1644 via
177 1579 249 1644 illic
263 1603 301 1644 en
315 1595 376 1658 est,
395 1595 434 1642 ut
451 1599 619 1658 caesuram
634 1579 738 1654 tollat,
754 1600 814 1644 cur
830 1583 968 1644 eandem
983 1580 1039 1644 hic
1055 1603 1157 1668 agno·
1231 1645 1233 1654 ,

107 1685 202 1730 acere
223 1665 418 1738 dubitabat?
453 1665 518 1730 Sed
538 1663 616 1727 nolo
632 1661 723 1727 hicce
745 1664 926 1733 immorari.
971 1668 1065 1748 lllam¹
1078 1685 1159 1731 vero
1233 1687 1234 1691 ’
1294 1652 1300 1670 ’

107 1750 313 1816 trochaicam
329 1769 498 1814 caesuram
514 1769 609 1828 caepe
625 1768 702 1812 cum
718 1747 791 1814 aliie
803 1767 1035 1830 permutatam,
1059 1773 1159 1838 quan·

111 1829 346 1922 &diffinita
366 1848 478 1921 quarta
493 1831 675 1898 hexametri
699 1835 777 1898 aede
799 1834 1038 1920 conopiciatur,
1069 1819 1158 1902 lier-

110 1943 255 1986 mannua
272 1925 308 2002 *)
327 1917 538 2006 vituperavit,
562 1917 720 2004 dixitque,
738 1939 810 1984 eam
825 1940 1042 1986 numerorum
1056 1927 1160 1986 robur
1208 1985 1210 1990 .

111 2028 151 2072 ac
163 2007 397 2072 fortitudinem
412 2002 631 2076 imminuere,
655 2007 698 2067 ob
718 2025 856 2092 ermque
879 2027 1011 2071 caueam
1033 2017 1158 2094 arpo&-

111 2092 154 2156 tir
169 2091 365 2157 melioribus
378 2091 596 2175 improbatam
612 2109 690 2154 ecee.
714 2090 843 2176 Quibus
853 2108 983 2170 autem,
1001 2113 1077 2158 cum
1085 2096 1158 2156 Ho-

111 2177 316 2242 mericorum
333 2197 492 2240 versuum
521 2195 653 2238 caesura
676 2172 732 2238 illa
754 2175 971 2242 distentorum
1001 2199 1161 2242 numerus

110 2285 184 2326 non
200 2264 380 2326 admodum
404 2259 541 2346 exiguus
563 2258 623 2334 ait,
653 2259 802 2323 excusari
825 2277 858 2326 et
877 2263 975 2328 metri
999 2261 1161 2328 debilitati

110 2348 284 2436 provideri
303 2343 425 2429 poerit,
446 2343 588 2408 rationes
604 2345 814 2430 pluroeabeo
829 2345 1019 2416 afferuntur.
1050 2347 1162 2414 Prima

111 2455 228 2498 earum
246 2450 328 2511 tum,
350 2453 426 2496 cum
441 2446 516 2516 poet
531 2451 604 2494 eam
618 2427 723 2515 prima
736 2429 848 2495 rtatim
860 2433 968 2517 quinti
983 2433 1076 2520 pediu
1090 2375 1174 2516 syl-i

111 2521 188 2584 laba
202 2524 289 2583 nova
303 2539 434 2582 caesura
448 2511 678 2600 distinguitur,
700 2515 805 2580 veluti
824 2519 856 2584 ll.
870 2529 902 2603 β,
915 2519 987 2607 475.
1008 2525 1075 2607 ῥεῖα
1091 2527 1162 2588 dnt-

112 2612 275 2691 κρίνωσιν,
297 2609 367 2673 a’rrtl
384 2629 419 2670 ara
439 2603 525 2686 νομῷ
537 2604 693 2686 μιγέωσιν.
732 2601 772 2667 cf.
798 2606 878 2678 4¹2:
907 2633 928 2682 a,
954 2604 1027 2674 515.
1058 2635 1092 2685 ω,
1108 2607 1161 2674 6ο.

114 2692 291 2772 (ejusdem
306 2687 382 2752 libri
397 2713 428 2753 v.
443 2687 514 2755 526.
528 2707 597 2750 non
613 2702 700 2750 recte
713 2687 753 2750 ab
769 2691 960 2754 Hermanno
975 2689 1011 2757 in
1025 2689 1161 2776 Orphic.

113 2777 186 2840 huc
199 2772 363 2876 refertur.)
385 2775 480 2846 oda,
493 2771 561 2837 126.
582 2779 689 2856 o,277.
711 2799 742 2856 ρ,
757 2771 829 2840 581.
850 2803 880 2873 χ,
893 2775 966 2842 501.
989 2774 1183 2856 Hy'mnrinf
1234 2777 1242 2786 ”

113 2864 191 2928 Cer.
208 2883 222 2924 r
228 2885 257 2946 7.
279 2861 413 2926 nenod.
428 2861 479 2922 Sc.
495 2875 566 2926 222.
588 2855 658 2922 Alia
672 2860 772 2936 hujus
786 2859 964 2922 debrlitatia
980 2861 1106 2924 medela
1127 2857 1177 2920 ins*
1247 2925 1248 2928 Ἴ

115 2967 158 3012 eo
175 2945 338 3025 cernitur,
365 2945 474 3030 quod,
502 2963 568 3028 quo
592 2963 726 3006 caesura
745 2941 801 3004 illa
824 2941 940 3020 oritur,
962 2945 1166 3013 vocabulum

115 3053 189 3096 tron
204 3031 475 3118 amphibrachu03
510 3027 568 3090 ced
584 3024 665 3090 aliue
680 3047 853 3092 menaurae
873 3044 932 3112 cat.
982 3031 1164 3110 Cujuaex-

115 3119 228 3204 cmpla
243 3119 420 3182 laudantur
433 3115 468 3180 ll.
482 3111 587 3188 alba.
607 3141 635 3189 ar,
649 3113 722 3198 517.
745 3111 873 3177 Similia
888 3129 981 3178 aunt:
1004 3117 1038 3182 ll.
1051 3125 1082 3202 β,
1091 3116 1164 3203 479.
1265 3143 1269 3146 ·

117 3213 148 3286 λ,
165 3201 238 3288 728.
267 3205 327 3269 Od.
344 3231 374 3278 α,
387 3199 457 3266 241.
479 3204 508 3270 d.
523 3195 596 3264 684.
619 3200 709 3260 Tum
727 3217 859 3261 caesura
879 3196 941 3263 iata
959 3199 1035 3264 vitii
1050 3208 1184 3288 expers&

115 3287 285 3365 redditur,
306 3286 366 3351 ubi
380 3287 522 3350 secunda
538 3281 630 3368 pedit
646 3279 754 3368 quarti
769 3274 888 3364 syllaba
903 3288 1170 3366 voculasconetet

115 3375 356 3454 monosyllaba,
377 3365 730 3456 quaeverboproxirne
745 3367 1166 3456 insequentiadjunctatro-
1228 3416 1230 3420 -

116 3451 658 3544 charumptaneinaudirumfacit.
681 3453 1167 3543 Vereuaquidemcjuecompo·
1246 3509 1248 3516 ,

116 3542 253 3608 citionie
271 3545 307 3606 in
323 3545 524 3608 Graecorum
538 3546 710 3623 poetarum
729 3539 931 3604 carminibus
954 3541 1088 3620 plurimi
1113 3565 1168 3607 re-

118 3629 314 3716 periuntur,
335 3647 455 3712 neque,
469 3622 528 3713 ubi
547 3643 597 3686 ree
613 3621 684 3708 ipae
701 3622 858 3709 loquitur,
871 3624 1071 3692 testimoniis
1087 3649 1169 3715 ege-

118 3737 211 3793 mus,
228 3731 261 3778 ct
274 3713 434 3778 nonnulla
454 3733 473 3775 a
486 3708 701 3772 celeberrimo
716 3709 937 3794 Orphicorum
952 3711 1078 3776 editore
1101 3721 1169 3794 jam

120 3801 220 3866 allata
233 3799 344 3865 video.
388 3802 476 3860 Duae
492 3793 595 3880 igitur
610 3797 842 3858 tantummodo
865 3797 1018 3860 solennes
1042 3801 1168 3863 Home-

119 3883 187 3950 rici
203 3905 318 3949 veraue
333 3882 493 3959 clausulae
509 3877 629 3960 adjicio
636 3901 649 3962 ,¹
677 3897 798 3946 unema
826 3881 863 3947 ll.
886 3909 917 3959 a,
940 3881 1013 3960 446.
1039 3907 1076 3969 ψ,
1097 3883 1169 3948 565.

157 4071 405 4146 arvia-aeneo.
420 4065 481 4124 ur.
493 4083 519 4120 2·
542 4083 599 4139 ep.
613 4046 657 4124 aa.
671 4067 705 4121 ae
719 4068 804 4141 capa.
820 4085 850 4139 p.
863 4067 1005 4142 692-9a
1156 4093 1163 4114 .-
