2876 4794
240 391 302 458 ιιι
460 333 465 352 ’
526 385 607 457 'os
628 393 764 456 omnia
786 339 997 458 smtsns‘
1089 403 1092 411 ’

243 563 464 650 corripitur.“
505 563 597 648 Quae
609 585 660 627 res
675 561 720 626 ita
740 559 837 626 nobis
854 561 1012 626 videntur
1034 557 1128 626 omni
1153 555 1289 626 dubtu-

242 647 334 712 tione
359 663 521 724 exemtae,
542 661 580 710 ut
594 646 761 711 neminem
786 667 930 732 unquam
948 647 989 707 de
1013 669 1124 710 earum
1147 647 1288 710 veritate

242 731 407 820 ambigere
420 751 513 814 posse
528 749 701 820 putemus;
724 731 835 820 Apeis's'
851 731 940 796 enim
955 731 1190 819 elegantissimi
1210 731 1288 818 opi-

163 893 165 901 *
241 817 532 893 xiiosee-uberius
547 818 736 904 nuperrime
752 819 936 905 expositae,
959 819 1107 882 nondum
1125 839 1198 882 eam
1214 821 1287 884 vim
1346 895 1351 899 ,

241 906 379 982 habent,
402 918 440 966 ut
455 903 549 968 aliter
561 903 702 968 statuere
725 923 784 968 nos
802 919 930 989 cogant.

326 993 396 1058 lam
412 993 494 1074 verq'
511 1011 614 1076 quum
630 999 743 1076 poetas
767 1009 834 1053 non
858 991 1058 1056 Graecorum
1080 991 1199 1072 modo,
1227 989 1287 1055 sed

243 1072 342 1140 stiam
359 1077 583 1138 Romanorum
597 1078 637 1138 ab
655 1077 717 1138 hac
738 1075 810 1160 iege
832 1074 998 1140 interdurn
1016 1075 1193 1140 descivisse
1212 1075 1286 1138 ani.

242 1158 507 1241 madvertissem‚
531 1159 686 1223 codicum
701 1163 778 1225 Mss.
795 1159 953 1224 lectiones
974 1163 1184 1248 perlustranti
1201 1159 1288 1224 mihi

157 1241 160 1258 '
243 1243 436 1329 scrupulum
452 1245 640 1326 injecerunt
655 1263 723 1308 non
738 1247 845 1310 levem
861 1268 979 1332 pravae
994 1249 1059 1315 VV.
1077 1251 1153 1312 DD.
1170 1263 1302 1311 emen-¹

126 1356 128 1364 ¹
156 1329 160 1342 '
244 1329 393 1394 dationes
410 1333 449 1395 ab
465 1329 660 1416 scriptorum
674 1331 834 1396 librorum
853 1331 1045 1397 auctoritate
1053 1331 1089 1394 irs
1096 1331 1157 1395 alia
1174 1331 1288 1397 omnia

162 1419 167 1425 '
243 1429 335 1480 tanta
352 1416 557 1502 saepiuscule
574 1437 650 1480 curu
667 1417 815 1482 socordia
841 1421 1014 1493 abeuntes,
1044 1435 1082 1482 ut
1104 1417 1160 1495 vix
1179 1417 1287 1481 oculis

213 1524 216 1535 ·
243 1501 311 1565 iuis
328 1500 426 1564 fidem
450 1505 577 1566 habeas.
621 1507 668 1567 lta
681 1527 714 1568 v.
731 1523 757 1567 c.
775 1503 935 1568 inventus
957 1520 1025 1580 est,
1054 1501 1171 1590 quiin
1201 1505 1288 1569 Pro·

241 1585 355 1674 partio
373 1589 461 1674 Eleg.
477 1587 517 1668 ss,
539 1591 631 1666 XXV,
659 1611 703 1678 ¹9·
726 1611 784 1674 pro
802 1587 922 1653 inuitis
942 1588 1137 1673 corrigeret:

374 1676 521 1750 Laesus,
557 1688 591 1738 st
614 1679 705 1740 invi
712 1689 783 1740 tus
806 1681 880 1760 ipse
901 1677 991 1740 redit
1005 1675 1154 1759 pedibus?

244 1759 288 1824 ci.
300 1761 444 1826 Husebk.
455 1763 490 1824 iit
507 1761 604 1827 Arsai.
615 1763 699 1832 Cris.
715 1787 745 1848 p.
755 1785 805 1848 72.
829 1763 913 1829 Alibi
922 1784 1000 1826 vero
1013 1764 1084 1826 vice
1094 1761 1286 1828 versaiibrass

241 1843 370 1909 tiorum
394 1869 518 1911 errores
542 1847 648 1911 critici
670 1850 758 1912 sicco
774 1851 857 1934 pede
874 1847 1082 1914 transierunt.
1126 1849 1191 1912 Sed
1206 1853 1287 1911 haec

243 1929 376 2017 longius
394 1931 546 2032 persequi
569 1935 657 1997 nolo.
687 1937 800 2020 Neque
816 1933 906 1998 enim
927 1938 1153 2000 Romanorum
1175 1945 1287 2019 poetas

245 2013 424 2100 disputatio
441 2035 549 2082 nostra
566 2018 721 2105 attinget,
751 2021 787 2082 in
802 2022 923 2106 quibus
937 2018 1026 2106 quid
1049 2021 1088 2083 de
1103 2019 1208 2100 niedia
1225 2021 1288 2082 hac
1337 2035 1341 2042 ·

243 2100 371 2182 syllaba
388 2107 593 2180 observetur,
630 2105 693 2170 alio
716 2109 825 2170 forsan
849 2123 1016 2190 tempore,
1054 2105 1080 2168 si
1102 2103 1160 2192 pei
1180 2103 1286 2168 otium

201 2207 204 2214 ·
242 2183 386 2272 licuerit,
410 2204 442 2254 et
460 2189 488 2253 si
499 2189 738 2255 fortevvnt).
756 2191 918 2276 praesenti
930 2189 1010 2254 huic
1025 2192 1155 2256 conatui
1170 2191 1286 2254 suffra·-

243 2269 298 2356 εἰει
317 2293 374 2336 sua
390 2295 458 2338 non
473 2297 606 2362 prorsus
628 2275 878 2363 denegaverint,
907 2277 1198 2362 percensebimus„

331 2361 445 2444 Quum
461 2361 564 2448 igitur
579 2381 617 2426 ex
632 2361 691 2445 iis,
714 2385 795 2447 quae
810 2364 1021 2429 Hermonnus
1039 2361 1285 2439 demonstravit,

244 2441 424 2530 patefieret,
447 2445 590 2510 mediam
608 2447 803 2534 pentametri
822 2451 953 2536 elegiaci
971 2451 1125 2532 syllabam
1138 2469 1200 2511 nec
1215 2449 1287 2511 bre-¹

243 2547 320 2592 vem
343 2552 430 2613 esse,
458 2553 521 2595 nec
556 2535 667 2596 locum
693 2531 798 2596 hiatui
820 2536 1000 2598 concedere
1028 2551 1140 2620 posse;
1170 2553 1287 2596 neces-0

244 2613 331 2677 sario
348 2617 577 2704 consequitur,
599 2624 731 2705 operam
747 2637 890 2686 nostram
912 2619 946 2682 in
964 2642 1003 2683 eo
1021 2623 1138 2684 debere
1154 2616 1285 2695 versari,

231 2715 283 2778 ¹ttt
299 2703 445 2790 exempla
459 2693 582 2789 duplici
598 2703 676 2768 huic
691 2703 755 2792 legi
772 2693 933 2769 contraria
950 2707 989 2767 ad
1005 2703 1165 2767 variantes
1181 2703 1287 2770 Co'dd.

243 2790 324 2854 illisa.
341 2789 499 2853 lectiones
516 2790 762 2864 examinentur,
785 2807 818 2854 et
841 2791 1087 2854 emendationes
1103 2791 1195 2853 al'l'.
1214 2791 1285 2854 DD.

177 2949 181 2958 Ι
269 2875 432 2961 ropositae
454 2877 567 2940 eadm
589 2877 682 2940 lance
701 2881 934 2962 ponderentur.
986 2877 1086 2962 Quod
1108 2892 1146 2940 ut
1168 2869 1285 2939 ordine

243 2899 301 3024 iat
321 2977 413 3024 recto
439 2977 472 3024 et
498 2965 692 3035 commodo,
724 2963 785 3026 etsi
807 2962 914 3025 variae
942 2961 1017 3025 iniri
1039 2975 1177 3048 possunt
1201 2957 1284 3032 viae,

244 3047 333 3110 nulla
352 3061 463 3109 tamen
479 3046 561 3109 mihi
578 3047 710 3110 videtur
727 3067 833 3134 neque
850 3051 890 3110 ad
904 3045 1104 3134 quaestionis
1119 3045 1286 3108 subtilita-

243 3145 312 3196 tem
320 3131 623 3208 accommodatior,
645 3155 753 3218 neque
769 3134 809 3194 ad
822 3132 953 3196 criticas
969 3133 1113 3196 rationes
1133 3131 1211 3194 inde
1226 3129 1285 3191 de-

245 3211 411 3280 ducendas
428 3215 628 3280 fructuosior
636 3265 647 3296 ,
670 3239 767 3302 quarn
784 3240 867 3303 quae
880 3221 919 3280 ab
935 3234 1058 3292 aetate,
1081 3239 1143 3303 qua
1162 3211 1286 3302 singuli

201 3369 204 3376 ,
242 3311 358 3386 poe'tae
380 3301 549 3382 vixerunt,
581 3302 818 3389 praescribitur.
869 3305 908 3366 At
934 3323 1013 3366 vero
1044 3301 1090 3366 ita
1111 3321 1180 3364 non
1212 3319 1285 3364 sum

223 3385 390 3476 nescius,
413 3403 493 3471 quot
503 3405 693 3476 ,quantaque
717 3387 797 3452 mihi
814 3387 1013 3469 objiciantur
1035 3384 1283 3474 impedimenta,

242 3490 327 3558 quae
343 3492 437 3557 aegre
453 3471 627 3550 imminui,
659 3472 821 3538 removeri
842 3489 939 3562 atque
961 3471 1064 3537 arceri
1078 3491 1286 3559 nequaquam

105 3603 107 3615 ι
174 3609 178 3613 .
240 3555 377 3646 possint.
422 3557 528 3620 Tanta
542 3559 633 3624 enim
649 3557 794 3633 cntueri,
818 3581 883 3646 quo
898 3565 1025 3644 poetae,
1048 3575 1191 3646 quorum
1209 3574 1286 3619 ver-

241 3665 298 3708 sus
313 3640 348 3704 in
366 3643 492 3706 Anthol.
515 3645 569 3708 Gr.
590 3661 809 3730 asservantpr,
832 3645 979 3730 plerique
1005 3647 1205 3716 floruerunt,
1228 3637 1286 3702 in-

241 3723 406 3796 certitudo
430 3741 462 3790 et
486 3729 687 3810 obscuritas,
715 3745 769 3808 ut,
790 3729 817 3794 si
835 3727 1043 3794 densissimas
1066 3731 1214 3794 tenebras
1229 3723 1285 3790 vel

119 3840 123 3846 ¹
190 3863 192 3868 .
239 3813 410 3915 paululum
427 3811 600 3876 illustratas
620 3814 865 3902 concupiveris,
887 3815 1087 3903 longissimis
1110 3808 1285 3880 subtilississ

240 3921 377 3988 mtsqne
392 3919 474 3986 opus
498 3896 540 3962 sit
566 3897 871 3987 disquisitionibus,
908 3903 947 3967 ad
972 3922 1051 3990 quas
1078 3915 1166 3965 recte
1187 3895 1285 3960 insti.
1311 3967 1314 3978 s

240 3987 378 4052 tuendas
410 4005 477 4050 non
506 3981 628 4048 sufficit
657 3983 794 4049 interior
811 4007 957 4072 'graecae
984 4007 1121 4074 poeseos
1153 3981 1285 4062 notitia,

240 4083 341 4162 quam
352 4087 463 4138 tamen
476 4069 568 4137 ‘mihi
581 4090 730 4166 arrogare
743 4071 866 4158 nolim,
888 4073 946 4138 sed
962 4091 1093 4138 summa
1106 4068 1287 4161 requiritur
