2854 4794
181 343 185 374 ²
253 384 300 453 sa
349 391 354 400 ’
399 385 494 451 cra.
510 343 554 450 Π.
575 383 645 447 υΕ
662 371 939 448 armiclausa
954 385 1171 452 assuunt
1232 391 1236 404 ·

723 553 756 639 §-
787 551 844 618 r„

243 761 250 770 ..
277 797 281 802 ,
345 727 437 814 Qum
449 727 577 799 cum‘re
591 722 758 814 proposita
779 739 813 789 et
826 719 1042 802 conveniant,
1072 741 1112 790 et'
1127 728 1166 792 ab
1183 748 1220 791 ea
1237 729 1298 792 ab·

215 887 218 900 ,
257 821 430 886 horreant,
453 812 615 889 vidimus3
637 820 703 893 jam
718 814 920 890 remanes,
942 831 1025 896 quac
1041 809 1154 892 politae
1170 816 1297 876 Graeco

254 917 293 965 et
312 898 522 984 potissimum
537 895 771 982 antiquissimis
786 895 868 978 illia,
890 917 970 980 quos
982 897 1120 960 Homeri
1137 897 1296 961 Hesiodi·

143 985 145 994 ’
247 1008 322 1072 ¹elue
336 983 472 1048 nomine
489 980 755 1067 complectimur,
784 982 968 1044 libertatem
984 981 1074 1046 illam
1094 981 1205 1046 brevia
1227 987 1297 1064 syl..

257 1073 350 1150 labae
366 1089 516 1132 caesurae
529 1065 654 1130 *auxilio
669 1061 899 1151 pioducenelae‘
915 1064 1164 1142 vindicaverint,
1187 1075 1296 1134 'trans-

255 1152 473 1241 grediendum
490 1151 560 1216 erit.
598 1155 660 1215 *Ira
675 1171 754 1214 vere
777 1149 813 1212 in
835 1151 887 1213 his
902 1149 1024 1214 versari
1043 1172 1129 1238 opus
1155 1167 1221 1228 eat,
1254 1169 1296 1218 nt

253 1239 403 1326 primum
414 1238 576 1300 nonnulla
592 1234 628 1298 in
642 1235 834 1298 universum
851 1239 1019 1310 observata
1032 1257 1201 1311 moneam,
1221 1237 1293 1323 qui-

255 1329 396 1410 buscum
414 1319 556 1408 singolis
579 1319 780 1406 singularum
804 1318 1059 1406 productionum
1087 1321 1169 1386 locis
1197 1323 1294 1386 dein.

252 1430 334 1494 ceps
344 1405 545 1472 ‘enumeratis
559 1413 823 1490 poetarum'usus
838 1404 977 1468 conferri
993 1405 1104 1490 possit·
1146 1412 1214 1470 lam
1222 1407 1293 1494 pri.

254 1487 351 1558 mum
366 1491 395 1555 si
413 1505 603 1576 quaeratur,
634 1505 745 1554 utrum
767 1505 893 1554 veteres
914 1490 950 1552 in
973 1491 1027 1554 illa
1048 1491 1197 1558 libert-ate
1215 1513 1292 1556 cer·-

131 1570 135 1582 ’
208 1572 212 1588 ¹
243 1595 304 1644 rtas
320 1575 594 1664 quasdamsecuti
609 1573 677 1639 sint
692 1571 853 1650 rationes,
877 1583 949 1650 eas,
980 1573 1105 1661 siquae
1125 1573 1230 1654 sint,
1250 1600 1293 1642 ex

245 1661 334 1750 -ipais
349 1661 520 1745 poetarum
535 1657 761 1724 monumentis
782 1658 932 1745 diligenti
948 1659 1176 1724 observatione
1194 1683 1292 1760 repe-

253 1749 369 1811 tendas
386 1745 473 1821 esse,
494 1761 594 1829 patet.
637 1750 677 1808 In
694 1743 825 1829 quibus,
844 1765 920 1808 cum
937 1746 1089 1830 pleraque
1101 1745 1291 1830 saepissime

251 1833 405 1902 redeant,
430 1845 464 1892 et
477 1829 626 1903 lectoris,
648 1830 703 1892 vel
718 1827 755 1890 in
769 1832 850 1892 haec
863 1827 1011 1909 animum
1027 1851 1096 1893 non
1111 1828 1290 1894 intenden-

252 1917 307 1995 tis,
330 1916 443 1978 oculos
460 1913 553 2000 quasi
567 1911 699 1986 feriant<
719 1911 790 1976 fieri
803 1903 1007 1999 nonpotes't,
1031 1913 1112 2002 quin
1127 1917 1230 1978 multa
1247 1921 1288 1984 ab

251 2000 326 2064 aliis
355 2006 421 2078 jam
447 2001 634 2078 observata,
680 2019 763 2082 quae
790 2001 858 2061 buc
887 1997 1026 2078 faciant,
1045 2033 1049 2044 ι
1065 1999 1287 2068 inveniantur.

179 2099 183 2114 ·
250 2085 353 2172 Quod
367 2081 502 2170 quidem
516 2085 559 2144 ad
572 2099 696 2146 veteres
718 2081 855 2165 Homeri
869 2097 1144 2172 comment-atores
1160 2085 1287 2170 attinet,

157 2199 168 2214 =
250 2167 292 2234 ex
305 2167 356 2232 his
371 2188 475 2254 pauca
492 2169 591 2230 modo
608 2169 674 2230 huc
695 2168 873 2254 spectantia
891 2183 994 2234 eruas.
1037 2172 1113 2256 Quo
1130 2191 1169 2231 err
1182 2191 1288 2254 gene..

245 2278 288 2321 ne
311 2269 404 2328 sunt,
442 2273 525 2338 quae
545 2255 690 2316 Eustath.
712 2251 858 2336 repetitis
879 2253 1008 2318 vicibus
1035 2268 1150 2317 monet
1177 2259 1217 2318 de
1240 2257 1287 2334 vi:

241 2361 352 2428 quam
367 2337 403 2400 in
422 2339 560 2418 syllabae
573 2336 681 2400 brevio
693 2359 881 2400 mensuram
900 2356 1025 2403 exserat
1047 2337 1222 2424 adspiratio
1230 2361 1287 2407 vo.

244 2423 330 2514 apalis
351 2423 404 2486 vel
426 2437 597 2498 accentus,
636 2409 755 2507 (suibus
784 2442 843 2485 seu
871 2425 992 2508 syllaba
1013 2425 1187 2510 producta,
1215 2447 1285 2503 seu,

134 2513 138 2520 “
243 2531 334 2596 -quae
358 2529 430 2572 eam
449 2505 592 2591 excipit,¹
614 2521 726 2570 notata
748 2521 807 2571 est.
856 2509 937 2573 Vide
957 2517 1031 2591 e'jus
1052 2511 1286 2592 commentarii

150 2649 151 2656 ,
242 2596 292 2660 ad
305 2595 342 2657 ll.
360 2621 390 2669 α,
404 2593 435 2658 4.
456 2615 488 2676 p.
506 2605 552 2668 13.
573 2615 605 2657 v.
624 2589 695 2679 195.
710 2613 743 2676 p.
759 2590 811 2655 80.
831 2591 883 2657 81.
911 2591 1287 2680 y,40.p.580.a,155:

246 2677 371 2768 psalt.
406 2701 436 2743 v.
452 2677 523 2742 558.
544 2699 574 2760 p.
587 2673 662 2741 480.
693 2675 785 2753 462.
806 2699 838 2761 p.
856 2678 928 2746 625.
965 2678 1222 2763 v1445.p.·684.
1249 2705 1285 2748 vt

240 2767 324 2851 slyr).
345 2785 375 2842 p.
390 2762 463 2848 675.
482 2777 518 2824 et
534 2759 686 2846 inprimis
703 2763 764 2826 Od.
777 2789 806 2847 y,
823 2763 895 2828 250.
915 2787 947 2849 p.
968 2765 1057 2831 1464.
1078 2764 1099 2829 l.
1116 2762 1167 2830 65.
1196 2768 1284 2834 Cum

244 2850 306 2922 iis,
330 2871 412 2933 quae
426 2845 613 2910 Euatatlrius
625 2843 707 2910 locis
722 2845 860 2910 laudatis
877 2846 986 2925 tradit,
1001 2865 1152 2912 veterum
1166 2850 1283 2914 metri.

239 2955 363 2998 ,corum
384 2948 420 2995 et
443 2930 670 2995 technicorum
690 2947 862 3016 praecepta
884 2934 924 2998 de
949 2933 999 2997 his
1022 2931 1168 3016 syllabis,
1203 2941 1283 3020 qual

246 3038 441 3086 communes
462 3016 601 3098 (κοινοῖς)
625 3017 807 3102 appellant,
840 3017 1125 3093 fereconcinisse,
1154 3019 1282 3086 indicio

245 3106 455 3182 suntllraco
475 3099 706 3166 Stratoniceus.
729 3100 770 3164 de
797 3117 893 3170 metr.
916 3113 1086 3186 poetarum
1102 3125 1138 3188 p.
1163 3105 1192 3172 6.
1214 3127 1288 3194 sqq,¹

212 3267 216 3270 ,
245 3203 281 3250 et
295 3185 384 3248 idem
397 3207 429 3269 p.
450 3184 517 3270 149²
546 3183 666 3248 Tricha
683 3187 724 3248 de
741 3199 836 3252 metr.
849 3205 881 3272 p:
895 3187 947 3252 45.
979 3191 1129 3275 Quorum
1144 3190 1234 3274 prior
1247 3205 1282 3256 et

173 3269 176 3280 “
198 3274 204 3286 “
243 3273 400 3352 syllabam
422 3267 631 3333 circumflexo
653 3285 799 3334 notatam
829 3287 1046 3357 antegressum
1069 3287 1199 3359 tempus
1221 3278 1279 3340 ad-

242 3359 325 3420 dere
343 3374 436 3433 posse
451 3367 540 3414 ratus
554 3369 619 3431 eat,
647 3362 740 3435 cujus
766 3357 953 3441 exemplum
975 3357 1112 3437 protulit
1132 3355 1278 3438 1148:ss

241 3441 341 3518 πάντη
366 3435 571 3522 ἐποιχόμενοι,
607 3446 681 3524 πρὶν
703 3438 770 3506 αὖτ’
793 3445 828 3506 ἓν
854 3448 941 3528 χερσὶ
961 3447 1121 3528 γυναικῶν.
1185 3449 1281 3532 Quae

243 3521 542 3590 ‚Grammaticorum
552 3539 739 3586 commenta
763 3545 803 3590 ex
818 3543 908 3610 parte
922 3529 1022 3592 modo
1039 3528 1211 3594 veritatem
1227 3546 1277 3594 at-

243 3609 381 3695 tingere,
403 3628 502 3672 nemo
518 3628 588 3670 non
602 3607 772 3692 intelligit:
792 3610 843 3672 ‘ut-i
857 3611 946 3674 enim
960 3613 1056 3680 facile
1069 3612 1276 3699 perspicitur,

240 3693 395 3780 spiritum
409 3695 461 3756 vel
475 3693 648 3757 accentum
667 3693 806 3774 syllabae
827 3693 891 3780 ipsi
912 3694 1123 3782 impositum,
1151 3714 1191 3760 ut
1211 3721 1277 3764 vox

244 3779 366 3844 diutius
381 3779 418 3842 in
434 3800 471 3841 ea
486 3791 668 3854 remaneat,
688 3779 841 3861 suadere,
875 3781 929 3844 vel
951 3798 1040 3845 certe
1064 3784 1152 3846 haud
1180 3805 1276 3869 aegre

153 3911 155 3924 .
238 3864 414 3934 admittere
430 3883 543 3942 posse,
566 3861 627 3937 ita',
658 3865 827 3950 quomodo
840 3887 881 3928 ex
898 3865 1074 3949 posteriori
1096 3869 1148 3931 vel
1172 3868 1276 3952 priori

242 3947 362 4030 syllaba
375 3947 507 4034 spiritus
524 3963 581 4011 aut
595 3964 747 4011 accentus
763 3949 1011 4034 pronunciando
1025 3953 1192 4018 transferri
1201 3975 1273 4036 pos-

238 4035 299 4112 sit,
337 4035 501 4123 quum'bb
527 4032 611 4098 illud
633 4033 743 4122 ipsum
772 4055 810 4100 ea
833 4037 953 4121 syllaba
975 4034 1107 4104 brevius
1140 4053 1271 4126 tempus
