2854 4794
163 821 377 920 solatium
398 823 518 916 hisce
538 825 616 912 diu
629 826 746 935 frui,
779 828 997 942 nubisque
1023 823 1208 914 adseres
1291 905 1295 912 .

167 975 312 1057 usque
338 944 477 1044 anuos
509 950 719 1062 interesse
745 945 896 1032 diviua
929 942 1210 1062 providentia

168 1067 289 1148 TlBI
317 1069 567 1180 permittat,
611 1069 730 1150 votis
755 1071 864 1150 meis
886 1082 1090 1180 expetere
1107 1091 1208 1178 pos·
1251 1109 1256 1116 ·
1363 1081 1366 1095 ·

168 1185 271 1287 sim,
297 1209 390 1266 non
413 1177 553 1268 video.
614 1183 682 1268 Ut
700 1211 826 1291 vero,
859 1207 973 1296 quae
993 1185 1042 1264 in
1057 1175 1208 1264 hoeli-

167 1299 307 1406 bello,
337 1299 391 1382 de
405 1326 534 1385 versu
547 1300 815 1385 Graecorum
827 1301 1209 1385 heroicomaxime

168 1419 405 1504 Homerico
425 1421 655 1534 inscript0,
685 1417 931 1504 traditurus
945 1441 1078 1524 eram,
1107 1433 1208 1500 tum

168 1537 307 1639 TIBI,
334 1553 434 1618 tum
457 1536 552 1623 aliis
573 1535 730 1620 clarius
754 1531 899 1620 intelli
928 1553 1050 1641 atur,
1081 1561 1206 1644 argu·

166 1654 370 1738 'mentum
406 1659 498 1759 ejus
531 1651 784 1760 brevissime
814 1565 1073 1771 explanabn
1131 1653 1208 1734 Era

120 1799 126 1806 ’
167 1775 287 1854 enim
308 1769 399 1854 dixi
418 1774 616 1886 primum
638 1770 693 1854 de
713 1795 864 1856 versus
878 1772 1207 1856 heroicicaesu·
1271 1781 1303 1884 ᾗ

166 1917 233 1993 ra,
267 1906 367 1972 tum
388 1886 443 1970 de
462 1881 729 2000 syllabarum
755 1889 980 1994 brevium,
1021 1891 1112 1972 sive
1130 1913 1207 1970 eae

165 2010 215 2090 in
227 1999 547 2090 vocabulorum
564 2004 675 2108 fine,
706 2011 859 2092 sivein
873 2011 1020 2113 initia,
1051 2008 1206 2090 sivein

165 2126 272 2240 ipsis
297 2122 455 2215 mediis,
482 2123 628 2208 verbis
649 2122 911 2233 offerantur,
946 2121 1204 2242 productio·

165 2241 297 2329 nibus
309 2306 322 2347 ,
344 2251 515 2358 'postea
544 2239 596 2325 de
625 2250 1036 2360 correptioneante
1055 2239 1204 2326 literas

165 2355 355 2474 liquidas
370 2385 472 2442 cum
488 2365 625 2444 mutis
641 2389 881 2467 connexas,
911 2358 965 2444 de
979 2359 1121 2465 hiatu,
1149 2356 1203 2441 de
1297 2457 1301 2476 ,

164 2477 459 2596 apostrophe,
498 2475 552 2560 de
579 2465 786 2589 synizesi:
822 2481 886 2563 ita
915 2475 1116 2590 quidem,
1148 2493 1203 2560 ut

162 2601 352 2680 maxime
366 2591 422 2679 ad
435 2597 670 2680 Homerica
684 2616 820 2711 atque
835 2593 1068 2702 Hesiodea,
1081 2591 1204 2708 ‘quae

161 2715 297 2826 vulga
316 2709 557 2819 habentur,
594 2720 788 2800 carmina
811 2718 1091 2832 respicerem,
1131 2717 1202 2795 iis-

164 2861 272 2944 que,
310 2855 424 2944 quae
450 2837 499 2914 in
519 2835 652 2948 epicis
672 2837 844 2918 serioris
866 2837 962 2916 aevi
985 2829 1202 2946 poematis

160 2948 253 3032 huc
278 2947 551 3066 pertinentia
576 2949 911 3066 deprehendisse
944 2947 1055 3030 milri
1083 2945 1200 3032 vide·

161 3065 261 3172 bar,
306 3085 595 3152 annecterem.
656 3070 754 3160 Jam
782 3095 887 3152 vero
914 3070 1036 3150 utin
1057 3093 1199 3150 exeru-
1287 3126 1327 3166 ,.

157 3186 246 3300 plis
274 3213 327 3268 ex
349 3185 485 3268 Iliade
512 3203 558 3268 et
577 3184 771 3295 Odyssea
793 3181 1023 3268 afferendis
1050 3187 1199 3300 singu·

159 3304 242 3408 las,
263 3332 298 3385 e
321 3303 723 3415 quibuscoaluisse
746 3301 973 3409 videntur,
1005 3305 1199 3418 particu-

110 3461 117 3472 ·
158 3422 221 3504 las
244 3451 336 3504 non
358 3420 650 3532 disjungarem
673 3449 723 3524 ae
753 3448 1017 3538 separarem,
1057 3447 1107 3503 ea
1126 3447 1198 3502 me

157 3542 441 3654 potissimum
455 3538 636 3654 impulit
653 3546 795 3644 causa,
828 3533 961 3653 quod,
993 3540 1030 3650 si
1044 3565 1197 3620 nume·

157 3685 229 3740 ros
266 3685 316 3739 ac
350 3657 616 3776 peculiarem
649 3655 924 3768 syl-labarum-
945 3659 1207 3748 mensuram

103 3829 110 3836 -
157 3793 348 3890 spectes,
385 3773 745 3890 aequabilitatem
771 3773 994 3890 quandam
1021 3803 1101 3892 per
1128 3789 1196 3855 to·
1261 3871 1275 3881 ᾖ

150 3909 259 3976 -tum
283 3893 528 3990 Homerum
558 3890 782 3996 diffusam,
826 3913 873 3982 et
890 3891 1003 4004 leges
1024 3889 1196 3974 easdem

154 4027 347 4100 servatas
368 4011 607 4126 intelligas,
632 4003 679 4098 et
699 4011 885 4130 proinde
901 4007 993 4097 hoc
1015 4004 1202 4128 quidem·

1129 4254 1134 4290 l
