2830 4790
257 377 318 445 ssa
521 374 614 482 {ua
635 369 773 438 neon
804 335 1015 438 arturus·

163 576 168 585 ¹
256 543 431 630 Polybium
445 539 582 608 omnino
596 563 664 606 non
682 539 887 608 abhorruisse
904 559 1040 606 censens
1055 541 1095 604 ab
1113 537 1178 604 isto
1194 542 1301 604 soloe-

186 630 187 638 ’
258 633 373 698 cismo.
417 631 497 712 Sed,
518 627 584 691 nisi
598 627 676 716 quid
693 627 891 708 excerptoris
909 649 1025 690 manus
1043 623 1222 706 addiderit,
1248 629 1302 692 vel

257 739 374 806 parum
389 713 526 778 fideliter
542 709 748 798 descripserit
763 712 844 796 (vid.
857 715 969 782 Reisls.
987 714 1027 775 ad
1043 715 1075 775 h.
1090 713 1145 789 l),
1174 711 1301 779 ἐπειδᾶν

258 837 302 856 -·
317 801 459 880 αὐεσπισε
472 803 525 866 asni
541 802 717 882 περιέπτυξε
738 813 770 861 ct
783 799 858 866 ὅταν
877 799 932 867 otia
952 795 1301 882 niomiutsua'mutanda

260 904 356 953 erunt
371 887 406 948 in
429 880 533 963 ἐπειδὴ
555 898 588 946 et
605 885 665 950 ὅτε.
708 885 750 950 In
774 887 888 950 Zonar.
906 889 981 948 Lex.
997 907 1028 966 p.
1049 881 1137 968 1796.
1166 905 1228 966 pro
1252 884 1301 950 ὅτε

259 1001 305 1050 τις
320 972 528 1057 ἀποφαίνηται
538 967 776 1052 proculdubio
799 969 1038 1034 restituendum
1058 971 1140 1034 ὅταν.
1183 971 1303 1032 Haere-

261 1059 335 1124 m'us
349 1077 452 1143 quum
465 1055 502 1118 in
512 1055 624 1140 Eclog.
640 1054 732 1124 Stob.
755 1057 793 1121 Τ.
809 1059 834 1124 1.
856 1078 887 1140 p.
904 1055 955 1118 50.
977 1052 1123 1120 'Bnasdda
1135 1089 1180 1105 ··-
1195 1060 1301 1122 διαλέ-

259 1139 652 1247 γηταιιισιίριὶιιιιμυυη
670 1141 808 1220 debebat
826 1163 857 1226 p.
875 1159 945 1225 921.
966 1138 1170 1225 praedicare,
1193 1163 1229 1208 se
1243 1163 1301 1224 pro

260 1233 384 1301 t'utsdus
399 1263 442 1278 -
454 1228 610 1318 συμπίπτῃ
635 1223 761 1290 dedisse
784 1247 803 1290 e
823 1227 904 1292 Cod.
926 1228 962 1289 A·
986 1231 1163 1308 συμπίπτει.
1218 1226 1302 1294 ibid.

145 1361 149 1368 ,
261 1337 293 1404 p.
313 1335 380 1380 rta.
397 1311 433 1375 in
447 1307 559 1396 Eurip.
574 1309 688 1396 fragm.
704 1334 736 1376 v.
753 1309 780 1377 3.
801 1311 872 1396 lege
887 1311 960 1377 ὅταν
974 1308 1087 1396 exolvit
1101 1309 1218 1394 ἄγουσα
1231 1339 1314 1406 συγ-Λ.

261 1399 338 1494 χάνῃ
353 1404 436 1477 Δίκη
453 1416 512 1482 pro
529 1394 674 1482 τυγχιὶυει.
718 1399 776 1482 Ap.
792 1395 904 1482 Quint.
921 1397 1049 1477 Smym.
1064 1399 1102 1469 V,
1124 1395 1197 1464 455.

390 1503 432 1580 αἷς
454 1501 480 1570 ὅ
501 1503 574 1570 ὅταν
596 1499 697 1570 αἰετόν
718 1501 799 1570 oiseis
821 1499 1059 1571 sinonsaisnoucs
1074 1508 1189 1588 λαγωοί

176 1643 178 1649 ·
264 1613 372 1684 scribe
384 1605 620 1682 rinonrsiucuus.
663 1608 789 1674 Ibidem
803 1614 840 1685 X,
858 1607 914 1698 89.

392 1725 444 1787 aui
460 1715 574 1794 Φάσιυ,
596 1717 650 1797 η’δέ
670 1715 812 1798 Tanusia,
833 1714 867 1794 lle
889 1719 974 1784 σι’κίιι
994 1713 1188 1784 enutriuntur
1202 1751 1249 1772 -

265 1865 409 1914 metrum
424 1845 566 1908 violatur
580 1844 716 1908 nomine
732 1842 877 1930 proprio,
895 1827 1038 1930 quod'et
1052 1843 1188 1930 pictoris
1204 1859 1256 1909 est
1271 1844 1304 1908 in
1392 1895 1393 1912 .

265 1933 372 2021 Epigr.
394 1933 492 1994 Corn.
513 1929 652 2016 Longin.
673 1935 711 2004 ΙΙ,
736 1939 763 1995 a.
785 1934 823 1996 T.
837 1934 874 1995 ll.
897 1953 927 2014 p.
945 1949 1016 1993 200.
1040 1931 1129 2000 Anal,
1144 1933 1215 2004 Be,
1247 1931 1304 1994 ubi

266 2021 388 2084 rectius
407 2020 514 2092 Φᾶσις.
558 2014 677 2080 Nescio
694 2014 815 2102 itaque,
838 2036 879 2077 an
895 2013 1060 2078 emendari
1076 2015 1180 2100 possit
1198 2013 1304 2094 orlata,

267 2105 356 2192 quod
377 2124 499 2166 nomen
520 2099 662 2164 occurrit
691 2123 741 2186 ap.
762 2099 848 2170 Dict.
871 2101 958 2166 Cret.
980 2103 1014 2172 Ι,
1040 2099 1087 2164 18.
1131 2103 1305 2186 Perperam
1395 2148 1396 2164 .

267 2188 356 2255 enim
369 2189 468 2273 vulgo
485 2185 583 2250 etiam
599 2183 693 2248 fluvii
707 2206 828 2250 nomen
845 2187 896 2248 vel
906 2183 940 2244 in
959 2182 1091 2268 optimis
1108 2185 1308 2248 editionibus
1396 2263 1397 2266 Ἴ

269 2269 429 2358 scriptum
444 2270 564 2356 legitur
580 2269 696 2344 Φάσιυ,
719 2269 905 2354 erravitque
925 2270 1138 2334 Tzsclauclsius
1151 2271 1192 2332 ad
1208 2273 1307 2336 Strab.

268 2363 309 2421 T.
330 2362 367 2421 V.
390 2379 420 2444 p.
444 2355 496 2422 84:
519 2377 564 2440 sq.
592 2371 763 2440 utramque
786 2353 946 2418 ratione'rn
969 2377 1071 2440 aeque
1099 2361 1217 2418 bonam
1238 2377 1309 2418 esse

270 2457 423 2505 statuens.
467 2442 571 2505 Codd.
586 2438 738 2524 meliores
753 2437 789 2500 in
806 2439 909 2503 forma
927 2442 1085 2522 producta
1101 2441 1169 2504 fere
1183 2439 1310 2524 ubique

271 2523 492 2591 consentiunt.
535 2525 598 2589 Sed
613 2524 688 2588 talia
703 2523 950 2608 explicabuntur
964 2525 1041 2588 alibi
1049 2523 1201 2588 uberius.
1238 2531 1309 2591 lam

270 2633 350 2685 vero
367 2605 434 2673 non
450 2629 602 2695 possum,
625 2609 707 2694 quin
723 2607 943 2694 intelligentes
961 2613 1082 2674 harum
1099 2631 1208 2672 rerum
1223 2609 1312 2690 judi-

271 2701 452 2782 cesroglern
476 2709 573 2780 atque
593 2697 780 2773 obsecrem,
800 2715 862 2771 ne,
884 2693 991 2758 sicubi
1013 2710 1123 2780 postea
1146 2715 1312 2779 apraece-
1379 2724 1382 2733 =

270 2800 385 2870 prore,
420 2786 512 2860 cujus
532 2801 645 2858 manes
673 2801 801 2865 semper
821 2780 944 2860 colam,
980 2777 1154 2844 dissentire
1180 2796 1314 2843 coactus

274 2865 406 2940 fuerim,
426 2864 804 2949 ingrato--arrogantique
825 2863 936 2928 animo
950 2861 985 2926 id
999 2863 1139 2928 tribuere
1153 2861 1276 2948 velint,
1297 2887 1315 2928 a

274 2973 358 3040 quo,
381 2951 554 3025 utdebeo‚
577 2971 631 3012 me
646 2948 753 3012 sentio
777 2947 1023 3017 alienissimum.

361 3105 445 3184 Peg.
462 3095 532 3184 298.
550 3097 607 3166 lin.
625 3119 653 3168 υ.
675 3133 718 3145 -
740 3091 860 3178 Laidis,
882 3095 1105 3162 nobilissimae
1123 3097 1317 3180 meretricis,

179 3199 185 3208 ’
274 3209 398 3250 nornen
414 3185 450 3246 in
466 3198 613 3244 mentem
631 3197 762 3244 revocat
778 3183 971 3246 memoriam
987 3181 1081 3246 fluvii
1095 3183 1242 3269 alioquin
1261 3184 1319 3246 in-

275 3269 379 3341 auditi
409 3273 530 3343 Ναΐδος
550 3291 599 3353 ap.
622 3268 738 3330 Schol.¹
758 3267 858 3332 Paris.
885 3269 987 3352 Apoll.
1016 3269 1120 3332 Rhod.
1145 3273 1205 3345 lv,
1242 3269 1317 3348 287.

276 3359 385 3434 Quam
411 3353 529 3416 famam
550 3368 683 3416 secutus
708 3351 808 3416 luerit
835 3353 915 3418 Car.
939 3355 1125 3440 Stephanus
1147 3353 1182 3416 in
1203 3355 1319 3420 Lexic.

276 3439 362 3506 Hist.
379 3441 496 3523 Geogr.
511 3431 629 3522 ¹„Nais2
650 3435 782 3511 fluvius,
805 3439 861 3522 qui
877 3461 916 3502 ex
925 3443 1035 3520 Tauro
1051 3431 1319 3502 monte‘nasc'ens

276 3524 314 3589 in
328 3528 471 3588 Pontum
487 3521 670 3608 mergitur“
691 3521 845 3608 equidem
859 3523 983 3586 nescio.
1028 3523 1225 3588 scholiastae
1239 3545 1319 3588 vero

278 3611 392 3672 verba:
416 3605 554 3691 Σκύμνος
572 3611 605 3672 δὲ
617 3605 668 3673 dani
681 3631 713 3673 τε
727 3613 846 3690 Ναΐδος
859 3613 1065 3677 πεπλευκέναι
1087 3617 1183 3694 oncle
1204 3609 1321 3687 αὐτούς

279 3695 528 3784 (Argonautas),
551 3699 603 3758 sal
620 3700 664 3769 εἰς
679 3691 733 3770 τήν
748 3695 880 3780 μεγάλην
905 3693 1070 3760 θάλασσαν
1090 3695 1265 3780 ἀφικέσθαι
1280 3728 1321 3744 -

279 3781 325 3844 ita
339 3781 379 3842 ad
395 3801 506 3842 sanam
522 3793 667 3838 mentem
681 3793 836 3861 poterunt
852 3779 1007 3858 revocari,
1027 3795 1066 3841 ut
1080 3802 1119 3842 ex
1133 3781 1240 3847 schol.
1250 3783 1321 3844 Vet.

281 3863 437 3930 rescribas
464 3863 516 3931 dui
543 3861 705 3936 Tasdi'doe·
770 3869 807 3927 ln
830 3863 1098 3928 antecedentibus
1128 3861 1323 3928 Callimachi

281 3971 393 4013 versus
413 3965 446 4010 et
465 3969 528 4011 vox
556 3942 745 4030 llunysa‘rou
767 3951 882 4012 eodem
904 3951 1004 4013 modo
1025 3947 1180 4024 facillime
1201 3961 1325 4012 sanan·

238 4037 241 4052 ¹
282 4049 348 4102 tur.
391 4035 555 4114 Eandem,
577 4055 674 4120 quam
689 4037 869 4124 scytanum
894 4033 1091 4122 opinionem
1111 4033 1325 4100 fovebatTi-
