2854 4794
482 645 492 700 l

17 887 21 913 ,
127 792 181 901 Si
202 794 552 918 ruonomtu,
567 804 1157 919 uueuaasraurrssr.
1267 820 1268 823 ‘

100 933 234 1035 ME,
273 949 455 1036 tenuem
485 929 650 1042 hancce
679 931 869 1046 opellam
907 935 1157 1042 inscribere,
1349 950 1351 959 ’

126 1067 168 1132 et
182 1046 238 1130 ad
253 1050 329 1130 TE
344 1045 580 1134 transferre
595 1077 724 1156 ausus
743 1048 881 1154 fuero,
908 1075 1003 1136 ¹nou
1018 1056 1156 1160 TUA,

123 1163 195 1250 sed
210 1165 649 1259 aliorum‘veniamihi
657 1167 899 1284 expetenda
909 1189 985 1254 est.
994 1167 1156 1284 Quam·

125 1303 257 1397 quatu
277 1286 396 1369 enim
415 1285 584 1396 ingenii
614 1285 720 1369 TUI
749 1285 960 1392 sollertia,
999 1288 1154 1393 judicii

118 1430 320 1503 acumen,
344 1396 572 1496 ,doetrinae
586 1399 776 1508 ubertas,
793 1433 906 1516 quae
921 1435 1054 1517 quam
1066 1407 1170 1492 late·

123 1515 278 1605 diffusa
293 1523 375 1625 sit,
385 1523 464 1631 qui
478 1521 555 1605 TE
571 1537 720 1604 totum
734 1525 962 1632 cognitum
974 1523 1154 1631 habent,

123 1638 316 1724 selinon
337 1637 517 1749 quidem
537 1639 783 1754 perspicere
804 1641 1154 1756 etoomprehen·
1290 1701 1293 1706 -
1335 1685 1342 1712 ι

123 1753 233 1861 dere,
260 1774 307 1838 at
329 1753 517 1841 divinari
538 1775 584 1838 et
605 1761 856 1860 conjectura
870 1763 1041 1870 assequi
1054 1789 1153 1876 pos·
1222 1783 1223 1787 ‘

123 1876 222 1978 sint,
250 1879 382 1960 meet
397 1883 633 1974 exterrere,
659 1893 717 1978 et,
748 1873 802 1956 ab
817 1873 899 1960 hac
912 1896 965 1966 ut
979 1875 1152 1962 desiste·

121 1983 1153 2106 rem‘temeri'tate,impelleredebuissenttamen,

46 2143 53 2152 ’
121 2127 171 2194 ut
189 2108 353 2194 horum
371 2112 518 2193 minus
541 2105 710 2194 memor·
730 2135 886 2214 essem,
914 2107 1154 2195 effecerunt
1210 2204 1213 2212 ,

67 2283 75 2294 ,
103 2245 164 2308 ¹et
183 2230 366 2338 insignis
392 2227 519 2312 TUA
541 2225 813 2330 humaniter,
852 2247 898 2311 et
916 2234 1083 2342 egregia
1105 2232 1153 2312 in

119 2345 421 2449 mavoluntas,
437 2373 563 2458 quae,
580 2375 681 2428 cum
702 2341 941 2460 discipulos
957 2351 1153 2462 magistri

65 2535 69 2544 .
121 2461 415 2545 eruditionem
435 2465 733 2578 maximopere
749 2459 987 2548 admiratus
1002 2453 1151 2570 essem,

119 2609 187 2662 me
207 2582 400 2686 amicum
413 2581 541 2662 amici
554 2583 799 2690 ingenuum
810 2579 1047 2690 'eandorem
1060 2611 1153 2670 non
1259 2614 1264 2627 ¹

118 2699 288 2800 minus,
335 2705 469 2810 quam
491 2689 808 2809 'singulariaet
832 2695 973 2814 paene
1004 2699 1153 2784 divina
1260 2741 1263 2752 v

110 2843 220 2900 ¹oum
242 2813 465 2900 detotare
480 2813 691 2918 literaria,
721 2827 821 2900 tum
834 2815 888 2898 de
902 2845 1000 2900 mea
1014 2843 1151 2928 quan·

118 2933 392 3043 tulaour'rque
417 2933 600 3022 seientia
618 2927 956 3030 ruerita'intimo
974 2951 1153 3048 pectore

97 3052 379 3163 persentire,
417 3077 679 3166 summoque
698 3077 844 3131 amore
864 3049 1068 3163 amplecti
1088 3055 1154 3140 in·
1217 3129 1221 3134 .

120 3165 376 3250 stituerunt.
442 3167 535 3250 Ubi
563 3171 685 3252 enim
708 3163 1021 3270 jucundissima
1039 3169 1155 3260 illius

117 3279 359 3398 temporis,
380 3279 472 3394 quo
492 3283 545 3366 de
562 3283 693 3366 rebus
708 3282 990 3398 philologieis
1004 3285 1155 3369 ambu·
1191 3313 1197 3322 ·

116 3399 253 3485 lando
279 3401 790 3516 disputare-solebamus,
826 3403 964 3486 TUIS
995 3403 1155 3519 opibus
1393 3479 1395 3483 ,

117 3546 264 3602 meam
275 3521 473 3634 inopiam
485 3519 573 3602 TU
584 3503 783 3630 augebass
806 3519 1033 3630 caliginem
1045 3519 1171 3603 mihi.
1217 3557 1219 3562 ·
1293 3539 1343 3605 'sv

118 3633 307 3722 offusam
326 3637 452 3726 TUO
465 3636 633 3748 lumine
647 3636 917 3754 dispellebas,
945 3643 1160 3722 xmemoria
1189 3711 1192 3718 ,
1263 3665 1266 3731 j

118 3758 321 3839 animum
345 3755 550 3860 subierit,
580 3753 661 3838 ubi
675 3755 1045 3872 ereptaillabona
1058 3780 1160 3870 ‘eum
1302 3767 1310 3778 ’

118 3901 169 3956 ea
185 3873 385 3956 literaria
403 3870 640 3958 solitudine
656 3891 701 3955 et
716 3891 925 3984 egestate,
957 3903 1070 3986 quae
1092 3877 1176 3979 ea·v

121 3988 225 4075 dem
248 3996 368 4089 intra
379 3991 562 4076 moenia
582 4019 703 4114 nune
715 4009 887 4102 regnat,
918 3995 1164 4096 contulero,
1226 4037 1229 4040 ·

593 4121 603 4126 ”
1358 4121 1379 4166 Ι
