2854 4794
242 402 268 475 r
549 401 642 474 cae
657 405 680 473 1.
705 403 975 476 uacassusa
1021 381 1037 446 ¹

145 629 147 638 ,
245 567 392 668 gnatum,
404 595 543 662 quorum
559 577 666 640 unum
682 574 718 640 in
734 591 859 654 cantus,
875 579 1014 644 alterum
1030 575 1065 642 in
1080 569 1284 652 recitationis

242 665 379 754 gratiam
402 663 485 740 (boc
499 679 596 726 vocat
610 663 897 740 declamatorium,
920 663 1002 728 illud
1017 663 1176 746 lyricum)
1199 685 1284 728 con·

242 765 368 816 textum
398 746 518 828 fuerit,
552 742 825 834 distinguendum
847 769 919 813 esse
939 749 1119 826 existimat,
1154 749 1200 816 ita
1221 771 1282 834 pro

242 833 367 920 duplici
389 849 503 896 versus
526 848 559 896 et
580 831 737 896 ordinum
757 831 902 914 ratione,
931 831 1099 920 duplicem
1114 855 1281 898 caesuram

239 919 398 1004 (lyricam
428 933 462 981 et
489 915 764 985 declamatoriam.
794 917 836 982 cf.
859 919 889 1004 ς.
913 917 1009 1006 55ᾳ.)
1039 921 1281 1006 deprehendere

240 1004 304 1068 sibi
319 1005 410 1070 visus
427 1019 484 1067 est.
537 1003 623 1090 Ill'l
640 1017 752 1094 atatem
772 1023 886 1066 versus
909 1022 1134 1081 momentum,
1163 1003 1222 1069 ubi
1244 1003 1281 1067 in

237 1105 346 1154 metro
361 1086 591 1174 progrediente
607 1107 822 1153 numerorum
843 1090 923 1170 ordo
940 1090 1187 1165 determinetur,
1204 1111 1279 1153 cae-

236 1197 347 1239 suram
369 1195 439 1237 esse
463 1171 553 1236 dicit.
602 1173 671 1234 Jam
695 1189 772 1234 cnm
791 1193 854 1236 nec
873 1171 1028 1240 metricae
1049 1177 1112 1238 nec
1127 1196 1279 1238 caesurae

237 1261 420 1345 integram,
443 1278 581 1344 eamque
597 1277 719 1320 novam
737 1257 937 1334 doctrinam,
968 1280 1053 1344 quae
1068 1277 1155 1324 certa
1176 1259 1278 1323 ratio.

237 1339 674 1438 nis'principia‘iutestigau
701 1349 895 1426 eaque‘cum
913 1353 1083 1430 poetarum
1097 1341 1279 1420 domuetu·

235 1429 314 1494 dine
331 1427 505 1492 concinere
522 1429 741 1500 demonstrat,
778 1425 931 1514 scripturi
947 1429 1069 1504 simus,
1102 1431 1158 1493 aed
1174 1432 1276 1494 modo

235 1517 277 1580 de
293 1535 347 1588 ea,
368 1530 466 1598 quam
482 1525 635 1586 naturae,
657 1525 696 1572 ut
712 1509 863 1585 videtur,
892 1511 1182 1596 impulsu'heroici
1198 1537 1276 1578 ver-

233 1619 290 1664 sus
312 1595 508 1678 incisionem
531 1605 647 1682 poetae
670 1586 911 1680 antiquissimi,
939 1597 1120 1684 legitimam
1142 1621 1276 1685 recepe-

201 1753 205 1760 ,
233 1685 317 1764 rint,
354 1674 445 1746 iliam
474 1681 567 1744 litem
599 1700 798 1764 componere
832 1681 938 1746 nostri
974 1704 1043 1747 uon
1077 1667 1272 1764 judicamus.
1330 1731 1345 1764 ,.

206 1763 209 1774 r
233 1765 414 1857 Quumque
443 1765 586 1852 vulgaris
613 1763 668 1828 {lta
691 1779 731 1840 ¹et
761 1763 925 1867 antiqua,
965 1789 1065 1854 quam
1092 1767 1273 1856 primulo.

233 1875 275 1919 co
294 1849 493 1946 posuimus,
545 1871 697 1913 caesurae
725 1849 892 1933 definitio,
942 1855 1041 1918 etad
1067 1852 1273 1940 propositum
1360 1918 1365 1928 ,
1416 1925 1417 1930 1

230 1954 383 2024 nostrum
405 1933 565 2010 sufficiat,
597 1951 646 2014 et,
673 1936 763 2019 quod
785 1937 826 1997 de
847 1935 1069 2006 recentiorum
1091 1939 1272 2026 praeceptis
1302 1953 1314 2015 g
1340 1986 1345 1998 ,

168 2063 172 2074 =
232 2023 341 2088 dicere
354 2042 422 2083 non
438 2019 554 2095 liceat,
577 2019 745 2105 aquosis,
768 2018 824 2105 qui
838 2020 1016 2084 hexametri
1033 2045 1189 2089 numeros
1204 2026 1271 2102 cal,-

205 2153 207 2161 ι
230 2111 295 2184 1εῑ,
324 2101 651 2190 iacile'intelligatur,
672 2106 712 2167 ab
727 2109 768 2200 'qa
783 2111 850 2168 non
865 2108 1077 2180 recedamus:
1102 2111 1195 2196 Quas
1208 2129 1271 2174 νει

230 2211 339 2258 terum
360 2185 574 2253 metricorum
595 2205 631 2252 et
651 2190 946 2260 Grammaticorum
969 2213 1005 2256 ea
1035 2195 1074 2258 de
1105 2218 1141 2258 re
1169 2193 1270 2260 fuerit

229 2276 411 2352 sententia,
437 2274 502 2338 loci
516 2277 555 2338 ab
577 2279 767 2340 Hermanno
790 2275 853 2343 1.1.
876 2276 965 2340 allati
993 2280 1123 2344 abunde
1145 2295 1268 2345 testan-

226 2381 300 2438 tur;
329 2359 437 2447 iisque
454 2359 580 2440 accedit
602 2365 709 2424 Draco
723 2359 974 2426 Stratonicensis
991 2364 1031 2438 de
1055 2362 1168 2430 metris
1184 2372 1269 2450 pne·-

200 2465 336 2542 rapum
350 2469 381 2532 p.
394 2445 471 2532 326.
488 2469 517 2526 7⁴
542 2444 628 2510 Elias
644 2444 817 2534 demetria
830 2471 862 2532 p.
880 2470 937 2533 77,
967 2447 1024 2534 qui
1046 2465 1185 2535 quatuor
1205 2453 1268 2516 he.

157 2607 165 2616 *
214 2531 311 2600 “reici
330 2551 458 2606 versus,
481 2547 596 2616 utpote
616 2529 758 2595 maxirne
775 2531 926 2607 usitatas,
943 2550 1113 2598 enumerat
1126 2532 1269 2600 incisio·
1292 2581 1296 2594 ·

226 2640 297 2685 nes.
341 2619 426 2681 Sunt
442 2632 552 2680 autern
566 2618 644 2679 hae:
673 2617 1176 2705 πειθημιμερής,“ἑφθημιμΰρῆςι
1196 2629 1268 2708 τρίς·

215 2699 264 2784 ’τη
281 2700 442 2790 aperuisti,
472 2699 643 2786 dormituri,
697 2705 761 2766 Sed
783 2724 898 2766 versus
919 2701 974 2767 itte
992 2725 1070 2768 cum
1094 2720 1160 2770 tam
1182 2707 1265 2770 mul·

207 2787 333 2875 triplici
363 2782 607 2871 intercapedine
639 2785 786 2872 disjungi
816 2787 935 2872 possit,
981 2810 1079 2874 quam
1103 2807 1136 2854 et
1166 2789 1267 2854 auni-

224 2873 354 2939 entium
385 2871 518 2935 auribus
547 2887 580 2934 et
598 2871 812 2936 recitantium
845 2872 921 2936 voci
952 2872 1095 2938 maxime
1123 2897 1264 2942 consen-

144 2975 149 2984 '
221 2973 354 3023 tanearn
383 2972 554 3047 putarent,
590 2963 663 3019 e'am
693 2955 797 3042 epicis
819 2956 1019 3022 Graecorum
1043 2959 1165 3044 poetis,
1194 2961 1264 3028 sia
1306 3019 1307 3024 ,
1415 3013 1416 3026 t

222 3035 383 3110 bucolicis
395 3039 599 3123 discesseris,
620 3040 867 3106 distinctionem
880 3065 957 3128 prae
972 3043 1092 3108 caterio
1100 3045 1265 3131 placuisse
1351 3071 1356 3080 ’
1415 3041 1416 3058 ’

220 3151 282 3194 sua
298 3142 414 3211 sponte
426 3144 566 3211 apparet.
610 3128 701 3194 Illam
718 3125 755 3189 in
769 3129 853 3212 pede
868 3127 965 3191 tertio
979 3127 1116 3194 ineunte
1125 3127 1263 3197 dolloca·

221 3229 312 3293 tam‚
365 3213 502 3274 eandem
533 3212 729 3280 ob'causam
759 3225 837 3276 cam
862 3211 1063 3278 Ahlwardtio
1086 3218 1123 3280 V.
1157 3219 1194 3282 G.
1223 3215 1262 3282 in

221 3293 464 3386 programmate
477 3299 651 3360 vernacula
665 3295 779 3382 lingua
800 3295 923 3382 scripto
945 3299 1149 3386 Oldenburgi
1169 3300 1260 3370 1805.

199 3387 204 3422 ³
221 3385 325 3450 solam
342 3401 493 3445 caesurae
507 3383 627 3463 (τομῆς)
647 3381 785 3446 nomine
800 3379 930 3460 dignam
945 3380 1101 3463 judicare,
1117 3385 1261 3474 reliquas

195 3425 240 3551 i(
249 3471 434 3553 διαιρέσεις)
456 3464 633 3528 incisiones
649 3467 808 3548 appellare
824 3465 945 3534 licebit.
990 3473 1027 3532 In
1042 3467 1103 3546 iis,
1127 3469 1261 3557 quaein

131 3603 145 3614 ,
219 3549 500 3618 commentatione
523 3547 742 3634 Orphicorum
768 3549 906 3616 editioni
935 3551 1056 3619 inserta
1077 3580 1109 3642 p.
1130 3558 1202 3622 662.
1218 3559 1259 3622 de

220 3633 440 3704 Hernicorum
469 3645 639 3720 poetarum
651 3631 788 3710 xxsectis,
832 3636 970 3721 aliisque
999 3643 1066 3706 huc
1087 3633 1259 3726 pertinen-

218 3723 327 3802 tibus,
338 3727 565 3810 3Hermannus
579 3717 713 3804 egregie,
733 3715 936 3806 disputavit,
964 3724 1023 3788 ubi
1038 3750 1069 3811 p.
1084 3727 1146 3813 690
1168 3743 1200 3790 et
1216 3728 1258 3792 de
1414 3795 1415 3802 ,

218 3832 275 3885 ea,
299 3829 398 3894 quam
414 3801 632 3891 antiquissimi
647 3807 788 3884 Graecae
801 3803 908 3891 gentis
922 3820 1055 3894 poetae,
1084 3827 1123 3874 ut
1144 3832 1257 3882 versus
1348 3871 1352 3876 .
1414 3827 1415 3850 ²

176 3947 179 3952 r
216 3895 369 3958 modulos
384 3908 417 3954 et
440 3889 643 3972 sonantipres
662 3885 846 3972 efficerent,
875 3909 908 3955 et
927 3890 1138 3962 recitantium
1157 3897 1255 3982 spiri-

217 3979 268 4042 tui
283 3975 513 4051 subvenirent,
532 3973 674 4038 maxime
687 3971 968 4060 frequentaverint
985 4001 1162 4056 caesuram,
1185 3985 1255 4050 brer

213 4064 253 4130 vi
266 4067 456 4144 admonuit,
472 4059 580 4166 ‘idem
593 4059 663 4128 iere
676 4061 727 4152 dn¹
737 4061 838 4149 hujus
855 4063 1000 4152 regionis
1018 4083 1153 4158 caesura
1169 4083 1254 4156 pm.

352 4313 358 4342 1
